1630 2866
70 153 117 186 v.
145 138 203 187 18
353 137 638 187 ACTUS
690 139 787 187 IV.
835 138 944 189 SC.
996 144 1077 191 11.
1257 152 1356 207 399

327 258 1108 296 PAMPHILIPPUS.

233 317 372 365 Foras
389 319 546 366 hercle
569 336 694 366 vero.

433 411 1015 447 GELASIMUS.

601 472 735 541 Qui,
764 473 947 520 malum
957 508 972 533 ‚
991 473 1080 519 tibi
1100 473 1216 521 lasso
1237 476 1358 526 libet

70 535 458 598 foriscoenare?

330 628 1107 667 PAMPHILIPPUS.

359 688 843 737 Utrumtucenses?

426 782 1003 818 GELASIMUS.

639 843 770 902 Jube
796 843 931 890 domi
958 860 1155 892 coenam
1180 850 1352 910 coqui,

68 913 232 975 Atque
263 913 325 960 ad
358 913 498 959 illum
526 915 798 960 renuntiari.
903 917 928 924 ἢ

327 1007 1095 1042 PAMPHILIPPUS.

784 1067 923 1115 Solus
951 1069 1164 1118 coenabo
1180 1066 1353 1119 dorni?

425 1163 1007 1201 GELASIMUS·

65 1221 182 1271 Non
211 1223 342 1271 enim
368 1227 505 1272 solus.
535 1244 615 1272 me
646 1238 833 1274 vocato.

322 1319 1100 1358 PAMPHILIPPUS.

771 1379 837 1426 At
857 1381 937 1428 isse
962 1399 1027 1429 ne
1057 1399 1348 1447 succenseat,

4 1449 35 1482 ⁰
65 1448 175 1495 Mea
197 1451 283 1511 qui
306 1466 460 1496 caussa
477 1464 692 1499 sumtum
710 1453 834 1500 fecit.
1192 1452 1197 1457 ’

424 1543 457 1576 G
493 1545 524 1577 E
560 1547 592 1579 Ι,
625 1547 662 1580 A
697 1546 721 1580 s
758 1547 780 1578 1
816 1547 860 1580 Μ
895 1548 932 1581 U
967 1548 1003 1581 s.

754 1606 907 1653 Facile
934 1612 1143 1656 excusari
1162 1623 1343 1673 potest:

67 1673 188 1721 Mihi
204 1673 352 1720 modo
369 1676 587 1721 ausculta.
600 1676 721 1740 jube
737 1677 870 1724 domi
885 1696 1085 1729 coenam
1100 1685 1256 1747 coqui.

223 1757 225 1759 ’
404 1776 452 1809 -1·:
488 1778 519 1811 P
553 1778 575 1811 1
612 1778 644 1811 G
680 1780 716 1813 Ν
751 1781 784 1813 ο
821 1781 865 1814 Μ
898 1783 935 1816 u
974 1782 1010 1817 s.

920 1842 1034 1888 Non
1048 1861 1129 1890 me
1145 1844 1345 1906 quidem

64 1909 220 1956 Faciet
236 1920 424 1956 auctore
438 1944 454 1968 ,
475 1910 624 1957 hodie
640 1923 696 1959 ut
713 1913 852 1960 illum
871 1914 1086 1977 decipiat.

419 2011 992 2052 GELASIMUS.

843 2075 958 2124 Nori
986 2090 1042 2125 tu
1069 2080 1181 2127 hinc
1211 2080 1339 2127 abis?

62 2144 163 2191 Nisi
185 2161 264 2192 me
298 2161 401 2192 non
433 2147 692 2208 perspicere
721 2165 877 2197 censes
907 2153 1029 2213 quid
1057 2169 1157 2217 agas
1175 2189 1191 2213 ‚
1228 2170 1341 2201 cave
1373 2176 1376 2177 ⁷

316 2220 372 2265 sis
401 2231 456 2265 tu
482 2220 585 2266 tibi.

61 2289 188 2339 Nam
208 2293 305 2340 illic
333 2293 481 2339 homo
508 2304 642 2340 tuam
672 2294 985 2344 hereditatem
1007 2299 1186 2360 inhiat,
1208 2300 1341 2362 quasi

318 2366 520 2412 esuriens
551 2366 708 2428 lupus.
