1630 2866
95 161 228 211 v.39
412 142 707 192 ACTUS
752 145 790 189 Ι.
841 142 946 191 SC.
997 145 1056 191 V.
1291 147 1384 206 161-

451 262 482 296 P
518 261 541 296 S
577 262 608 295 E
647 260 684 294 U
719 261 755 295 D
796 261 829 294 Ο
864 262 896 295 L
931 261 968 294 11
1002 261 1039 295 S.

142 382 144 384 v
187 382 194 385 ,
547 330 653 376 Itur
685 329 746 375 ad
782 340 857 387 te,
886 329 1144 376 Pseudole:

102 404 382 453 Orationem
412 403 500 449 tibi
530 420 640 464 para
670 404 924 449 advorsum
949 420 1122 449 senem.

102 479 291 526 Herum
318 480 470 525 saluto
495 478 706 538 primum
721 511 739 535 ,
764 489 820 523 ut
840 494 1051 539 aequom
1068 478 1144 523 ’st:
1172 487 1335 539 postea

101 552 157 599 Si.
184 553 306 613 quid
339 551 565 613 supersit,
592 551 772 596 vicinos
797 551 1019 613 inpertio.

632 641 656 675 S
692 643 714 676 Ι
748 643 791 676 Μ
828 643 876 677 Ο.

101 701 251 750 Salve.
284 702 403 764 quid
430 702 616 766 agitur?

459 802 489 835 P
526 803 550 836 S
584 802 615 836 E
652 803 689 836 U
723 802 759 836 D
796 802 830 836 Ο
867 803 899 835 L
933 802 970 835 U
1006 801 1046 835 S.

621 862 783 909 Statur
811 862 889 908 hic
915 862 978 908 ad
1010 862 1139 908 hunc
1170 864 1391 911 modum.¹

632 955 656 988 s
690 956 712 987 1
749 955 793 987 M
827 955 876 987 0.
910 945 964 976 ’-

107 1015 294 1064 Statum
310 1016 423 1063 vide
439 1016 665 1074 hominis,
685 1014 924 1076 Callipho,
943 1032 1090 1076 quam
1113 1016 1384 1065 basilicum!

497 1111 525 1144 c
562 1111 597 1144 A
634 1111 665 1145 L
698 1111 730 1143 Ι,
767 1111 787 1143 1
824 1111 854 1143 P
891 1111 926 1143 H
963 1111 1010 1144 o.

100 1172 233 1223 Bene
265 1171 660 1233 confidenterque
691 1171 878 1217 astitisse
913 1172 1155 1238 intellego.

465 1265 494 1298 P
533 1265 555 1298 S
591 1265 621 1298 E
659 1265 693 1298 U
729 1267 764 1298 D
807 1266 839 1299 Ο
876 1266 907 1300 Ι.
944 1266 980 1299 U
1017 1266 1055 1300 S.

107 1326 261 1374 Decet
286 1327 625 1383 innocentem,
654 1327 739 1386 qui
769 1327 827 1372 sit
846 1361 860 1384 ,
894 1339 1039 1388 atque
1074 1328 1324 1387 innoxius,

111 1400 309 1447 Servom
322 1401 583 1463 superbum
598 1417 707 1458 esse,
725 1403 855 1462 apud
869 1402 1042 1448 herum
1057 1403 1389 1463 potissumum.

166 1490 173 1494 '
502 1497 529 1529 c
568 1496 601 1528 A
636 1495 667 1528 1.
692 1495 735 1528 'L
772 1495 792 1527 1
830 1496 857 1528 P
897 1495 931 1527 Η
975 1497 1021 1529 o.

111 1554 260 1613 Sunt,
291 1573 412 1617 quae
436 1567 485 1602 te
511 1557 735 1601 volumus
756 1557 1043 1617 percontari,
1073 1573 1195 1617 quae
1217 1559 1357 1618 ⁴quasi
1389 1565 1391 1567 ’

109 1629 199 1675 Per
228 1630 456 1676 nebulam
487 1641 671 1675 nosmet
697 1630 865 1675 scimus
893 1640 1039 1690 atque
1067 1630 1345 1677 audivimus.

230 1708 237 1715 ’
631 1723 654 1757 s
691 1723 712 1754 1
749 1724 792 1756 M
830 1723 878 1755 o.

113 1782 344 1831 Conficiet
363 1785 463 1849 jam
495 1796 542 1830 te
565 1785 640 1830 hic
672 1784 852 1840 verbis,
886 1794 940 1829 ut
971 1795 1027 1829 tu
1063 1800 1245 1831 censeas

110 1854 226 1901 Non
247 1857 558 1915 Pseudolum,
586 1857 670 1902 sed
701 1855 941 1902 Socratem
971 1868 1133 1902 tecum
1162 1857 1314 1916 loqui.

472 1951 502 1984 P
537 1951 560 1984 s
594 1952 626 1984 Β
663 1951 699 1984 U
734 1951 769 1983 D
807 1951 840 1984 o
874 1951 905 1983 L
942 1950 979 1982 U
1015 1950 1051 1983 s.

114 2009 190 2055 Ita
212 2018 293 2054 est.
321 2008 607 2071 jampridem
638 2023 692 2057 tu
719 2028 798 2056 me
827 2011 1004 2071 spernis
1023 2046 1037 2068 ,
1067 2010 1244 2056 sentio:

114 2081 312 2127 Parvam
337 2097 431 2149 esse
453 2083 583 2142 apud
607 2093 655 2127 te
686 2082 806 2127 mihi
831 2083 978 2137 fidem
995 2083 1092 2143 ipse
1111 2083 1355 2147 intellego:

116 2154 261 2216 Cupis
286 2170 365 2199 me
394 2165 487 2199 ess'e
515 2170 752 2215 nequam,
785 2166 946 2199 tamen
972 2173 1051 2201 ero
1077 2153 1200 2218 frugi
1220 2157 1391 2203 bonae.

642 2249 664 2281 s
702 2250 722 2281 1
758 2250 801 2282 M
838 2250 884 2282 o.

118 2308 210 2355 Fac
239 2310 295 2356 sis
322 2310 500 2357 vacivas
518 2344 533 2366 ,
564 2308 820 2364 Pseudole‚
853 2308 977 2353 aedis
1009 2309 1224 2366 aurium,

122 2380 232 2428 Mea
255 2393 311 2428 ut
330 2383 525 2447 migrare
558 2380 682 2428 dicta
707 2379 884 2442 possint
905 2395 1005 2440 quo
1031 2379 1157 2426 volo.

201 2455 289 2503 Vol.
311 2457 404 2504 ιιι.
1119 2451 1162 2497 L
