1630 2866
43 122 188 182 'mg
407 119 701 172 Acrus
755 122 793 169 1.
850 121 948 171 sc.
1000 124 1077 172 11.
1278 140 1374 192 359

454 305 839 354 SCENA
903 305 1001 351 11.

121 433 629 477 ANTIPHO,
698 433 1337 474 PANEGYRIS,

460 519 1011 558 PINACIUM.

509 650 962 686 ANTIPHO.

96 706 281 871 QUI
313 776 474 813 manet
493 777 551 813 ut
568 776 821 812 moneatur
846 781 1030 828 semper
1054 779 1208 812 servos
1225 764 1376 810 homo

355 840 564 888 officium
595 857 759 897 suum,

96 914 198 962 Nec
228 914 476 961 voluntate
503 911 556 957 id
584 910 736 957 facere
761 908 985 957 meminit
1002 944 1018 968 ,
1050 925 1204 956 servos
1232 910 1269 954 is
1296 909 1377 955 ha·-

348 985 453 1031 bitu
491 982 884 1046 haud⁵probu‘’st.

98 1059 195 1108 Vos
228 1057 505 1107 meministis
536 1057 864 1119 quotcalendis
894 1071 1057 1119 petere
1091 1057 1375 1104 demensum
1397 1095 1400 1098 Δ

347 1130 514 1179 cibum
533 1165 549 1188 ‚

95 1205 202 1277 Qui
225 1205 384 1252 minus
412 1203 715 1261 meministis,
744 1202 879 1265 quod
902 1219 1022 1265 opus
1050 1202 1108 1249 sit
1135 1202 1288 1262 facto,
1310 1203 1378 1249 fa-

353 1294 458 1324 cere
495 1278 563 1322 in
577 1276 812 1323 aedibus?

93 1351 200 1412 Jam
218 1350 462 1413 quidem
450 1366 501 1395 m
527 1366 614 1396 suo
645 1348 864 1410 quidque
891 1349 1002 1395 loco
1031 1348 1120 1395 nisi
1148 1350 1237 1395 erit
1261 1348 1379 1396 mihi

350 1421 494 1465 situm
526 1419 823 1479 supellectilis
841 1452 856 1475 ‚

61 1495 275 1571 .Quom
303 1510 391 1558 ego
423 1503 664 1549 revortar,
697 1509 782 1538 vos
799 1491 1141 1552 monumentis
1177 1505 1381 1536 conmo-

350 1565 580 1611 nefaciam
606 1564 812 1611 bubulis.

102 1639 213 1685 Non
241 1627 456 1684 homines
485 1637 696 1683 habitare
729 1652 922 1683 mecum
951 1636 1071 1682 mihi
1104 1636 1180 1682 hic
1213 1635 1385 1683 viden-

356 1724 460 1771 tur,
493 1712 576 1758 sed
605 1728 721 1759 sues·

103 1785 284 1844 Facite,
314 1787 443 1833 sultis
457 1821 472 1844 ‚
495 1784 673 1832 nitidae
691 1795 747 1831 ut
769 1783 907 1839 aedes
925 1800 1061 1830 meae
1085 1784 1204 1842 sint,
1227 1800 1386 1845 quom

272 1862 277 1866 ”
362 1858 552 1905 redeam
582 1858 795 1905 domurn.

98 1927 207 2015 jam
235 1944 322 1994 ego
351 1928 483 1975 demi
504 1930 670 1976 adero:
709 1932 772 1978 ad
797 1949 957 1980 meam
981 1932 1214 1996 majorem
1243 1930 1389 1976 filiam

365 2002 517 2048 inviso
543 2001 758 2049 domum.

103 2072 155 2120 Si
190 2074 298 2136 quis
329 2090 409 2119 me
443 2086 671 2135 quaeret,
705 2076 820 2123 inde
852 2087 1071 2123 vocatote
1102 2076 1273 2138 aliqui:
1310 2085 1392 2121 aut
1438 2107 1451 2116 .

362 2149 463 2212 jam
493 2160 684 2214 egomet
708 2151 784 2196 hic
810 2150 906 2197 eroL

198 2280 208 2288 ε
390 2268 395 2272 ,
498 2234 526 2266 Ρ
563 2234 583 2266 1
619 2234 652 2267 Ν
689 2234 722 2268 A
758 2235 786 2267 c
821 2235 842 2268 1
879 2234 916 2266 U
950 2234 1009 2267 M.

102 2288 241 2359 Quid
269 2291 448 2357 agimus
465 2326 480 2352 ‚
507 2309 638 2340 soror
654 2329 669 2352 ‚
699 2294 737 2341 si
761 2293 1023 2358 ,offismabit
1050 2303 1186 2354 pater
1218 2293 1391 2351 advor-¹

907 2382 1015 2414 sum
1041 2366 1163 2424 nos?
1299 2374 1305 2379 ‘

1095 2444 1136 2489 Z
1174 2457 1203 2504 4
