1598 2814
171 175 262 238 ὂψ
451 173 517 219 M
581 171 1170 221 ACCIPLAUTI
1325 190 1448 237 ww

173 278 374 348 Quique
398 275 524 322 adeo
555 277 738 338 primus
774 277 849 322 hic
880 276 1043 324 statuit
1074 279 1290 331 solarium
1307 314 1322 337 ,

171 351 271 420 Qui
297 349 417 396 mihi
442 350 714 396 conminuit
739 351 912 396 misero
941 351 1221 398 articulatim
1243 351 1383 398 diem.

169 425 295 470 Nam
323 430 403 469 me
427 430 581 485 puero
613 434 773 469 uterus
801 423 878 469 hic
911 435 1007 470 erat
1040 424 1262 470 solarium

168 498 328 545 Multo
346 498 566 544 omnium
583 499 779 544 istorum
793 509 1052 560 optumum
1068 510 1116 545 et
1130 499 1451 555 verissumum.

169 572 261 619 Ubi
288 572 373 618 iste
409 571 638 618 monebat
668 588 786 618 esse:
823 572 910 617 nisi
942 588 1053 619 cum
1075 572 1337 618 nihil'erat.

166 646 214 691 N
217 662 309 692 unc
339 646 480 692 etiam
510 645 646 706 quod
670 657 766 702 est,
792 662 892 691 non
924 657 1017 704 est,
1044 646 1133 692 nisi
1154 646 1239 691 soli
1268 645 1421 691 lubet.⁴

170 720 340 780 Itaque
369 719 491 765 adeo
505 719 605 782 jam
637 719 888 779 oppletum
914 729 981 764 est
1003 719 1240 781 oppidum
1267 718 1451 765 solariis.

166 792 319 857 Major
351 808 454 854 pars
481 791 653 853 populi
676 792 794 837 aridi
820 803 1009 854 reptant
1036 792 1171 839 farne.

297 906 1332 989 CAECUS,moePRAEDONEs

166 1003 409 1118 NIHIL
444 1068 711 1129 quidquam
739 1068 919 1115 factum
947 1069 1035 1114 nisi
1070 1054 1197 1115 fabre
1217 1103 1232 1126 ,
1253 1085 1345 1115 nec

166 1139 455 1208 Quidquam
483 1140 694 1201 positum
722 1140 819 1185 sine
841 1142 951 1186 luco
968 1174 983 1197 ,
1016 1156 1156 1197 auro,
1183 1140 1353 1196 ebore,
1379 1156 1450 1185 ar·-

168 1213 354 1268 Gento‚
385 1227 622 1272 purpura,
649 1212 840 1271 picturis
858 1246 871 1268 ,
901 1212 1087 1272 spoliis,
1117 1223 1224 1257 tum
1255 1212 1426 1258 statuis.

162 1293 337 1352 Neque
361 1308 466 1337 eam
496 1308 521 1335 a
548 1308 627 1336 me
660 1292 810 1336 invito
839 1308 1075 1352 umquam
1094 1286 1319 1338 abduces.

163 1369 371 1430 Spectari
398 1368 541 1414 ludos
569 1368 815 1434 magnifice
847 1379 994 1429 atque
1023 1370 1293 1431 opulenter.

161 1436 358 1512 Per⁸egre
384 1459 462 1492 est.
1270 1496 1272 1498 ,

164 1530 305 1575 Plure
324 1529 470 1574 altero
494 1538 626 1581 tanto
643 1561 657 1586 ,
675 1523 857 1589 quanto
875 1528 971 1593 ejus
989 1527 1168 1576 fundus
1185 1540 1274 1588 est,
1289 1532 1446 1578 velim.

163 1614 235 1658 Ita
263 1623 376 1658 sunt
399 1612 689 1673 praedones,
721 1629 938 1673 prorsum
962 1623 1164 1674 parcunt
1185 1614 1381 1660 nemini.

163 1691 323 1741 Velim
349 1704 398 1740 te
432 1693 640 1739 arbitrari
669 1692 859 1739 factum.
892 1695 946 1740 R.
965 1685 1197 1740 Sedulum
1228 1706 1306 1741 est.
1334 1696 1447 1743 sub-

415 1778 672 1816 moventur
690 1768 843 1814 hostes
855 1803 868 1825 ‚
895 1779 1204 1816 removentur
1219 1769 1410 1830 lapides.

163 1848 213 1895 Si
237 1865 340 1896 non
372 1860 560 1895 strenue
588 1848 759 1895 fatetur
775 1883 790 1906 ,
808 1850 895 1896 ubi
919 1851 976 1896 sit
1006 1867 1203 1910 aurum,
1230 1851 1443 1899 membra
1523 1864 1526 1866 ·

419 1922 518 1985 ejus
552 1937 818 1967 exsecemus
850 1938 979 1969 serra.

160 2002 294 2048 Nihil
321 1996 409 2047 feci
435 2016 563 2047 secus
579 2035 594 2058 ,
625 2017 772 2061 quam
801 2018 879 2047 me
908 2002 1057 2048 decet.

161 2082 283 2151 Quis
293 2093 347 2128 tu
359 2098 420 2139 eS,
437 2082 522 2142 qui
537 2081 669 2128 ducis
677 2082 784 2131 me?
800 2083 905 2128 rnu!
921 2084 1039 2145 perii
1050 2083 1221 2141 hercle,
1233 2081 1346 2130 Afer
1359 2097 1436 2130 est.

483 2211 1124 2260 CALCEOLUS.

160 2327 214 2373 M
223 2341 253 2375 ο
264 2341 294 2374 1.
304 2342 335 2376 1.
345 2341 380 2375 U
391 2340 413 2375 s
427 2340 452 2373 c
464 2339 498 2373 A
508 2339 551 2372 M
571 2343 747 2375 nucem
763 2343 902 2390 super
921 2328 1018 2393 ejus
1041 2327 1161 2374 dixit
1182 2323 1440 2387 inpendere

412 2403 602 2467 tegulas.
