1630 2866
63 177 192 224 v-15
334 158 769 210 ACTUSV.
820 156 929 206 SC.
978 158 1095 206 III.
1254 177 1348 220 405

64 272 187 320 Mihi
217 281 266 318 et
293 270 382 317 tibi
414 268 543 331 apud
562 284 670 315 vos:
704 282 818 313 nam
837 266 968 328 apud
988 282 1076 312 nos
1093 276 1162 312 est
1179 267 1344 322 couvi--⁴

316 343 475 390 vium?

64 417 139 464 lbi
155 427 309 463 voster
325 426 494 461 coenat
515 430 628 461 cum
648 429 799 460 uxore
814 413 936 459 adeo
959 423 1007 458 et
1027 410 1254 472 Antipho.

67 490 257 537 Ibidem
273 490 412 534 herus
431 499 498 533 est
514 498 685 533 noster.
705 488 799 532 hoc
813 486 931 532 mihi
950 486 1084 531 dono
1099 484 1263 530 datum
1272 484 1342 531 ’st.

347 621 350 624 ‚
426 573 449 607 s
485 572 521 605 A
556 572 589 605 G
623 573 658 605 A
693 573 727 606 R
762 573 783 605 1
819 572 853 606 N
889 571 924 605 u
961 570 995 605 s.

64 635 187 704 Quis
209 633 458 681 somniavit
477 632 680 678 aurum?

487 716 510 750 S
547 717 579 750 T
613 717 636 749 I
671 717 699 750 C
735 716 771 750 H
805 717 842 750 U
880 716 921 750 S·

683 777 822 846 Quid
843 777 894 823 id
913 776 975 822 ad
992 786 1039 822 te
1066 774 1282 822 adtinet?

66 851 225 899 Proin’
244 861 302 899 tu
317 851 472 898 lavare
493 865 708 911 propera.

424 932 1000 969 SAGARINUS.

708 991 1035 1037 Lautussum.

488 1075 917 1111 srlcnus.

423 1130 426 1133 ’
1032 1127 1279 1189 Optume:

63 1192 270 1256 Sequere
299 1208 410 1259 ergo
438 1193 524 1239 hac
551 1210 632 1240 me
663 1193 806 1239 intro.

420 1275 1002 1313 SAGARINUS.

826 1337 927 1400 Ego
949 1352 1063 1383 vero
1090 1352 1278 1398 sequor.

486 1419 511 1452 S
545 1421 577 1452 Τ
611 1421 632 1453 1
670 1420 701 1453 C
734 1421 770 1453 Η
806 1420 839 1452 1}
877 1419 913 1452 S.

66 1479 194 1527 Volo
226 1480 436 1524 eluamus
464 1479 622 1523 hodie.
660 1480 903 1542 peregrina
933 1479 1095 1524 omnia

67 1552 327 1612 Relinque:
354 1550 558 1597 Athenas
583 1567 712 1597 nunc
736 1553 968 1597 colamus:
995 1566 1191 1611 sequere
1216 1556 1310 1596 me.
1371 1554 1376 1558 '

422 1635 445 1668 8
482 1636 516 1668 Α
554 1635 587 1669 G
624 1635 658 1668 A
693 1638 727 1670 R
760 1636 780 1668 1
817 1638 851 1670 N
888 1636 924 1670 U
960 1635 997 1669 S·

70 1697 278 1757 Sequor,
299 1706 347 1741 et
369 1695 569 1741 domum
587 1695 836 1741 redeundi
832 1696 1128 1758 principium
1144 1698 1313 1758 placet.

68 1770 203 1818 Bona
235 1785 396 1818 scaeva
426 1780 676 1831 strenaque
709 1768 901 1815 obviam
926 1770 1116 1817 occessit
1139 1768 1270 1816 mihi.

404 1913 788 1962 SCENA
864 1915 1025 1961 III.

396 2012 1051 2090 εΤΕὲΗΑΝισΜ.

72 2106 327 2220 MIRU
341 2181 384 2215 M
408 2169 559 2216 videri
582 2170 764 2219 nemini
782 2182 995 2219 vostrum
1012 2174 1124 2220 volo
1138 2206 1152 2230 ,
1169 2183 1346 2234 specta-

328 2254 450 2287 tores
465 2276 479 2298 ‚

76 2315 217 2383 Quid
234 2330 320 2379 ego
340 2314 450 2359 hinc
463 2347 477 2370 ,
499 2328 620 2391 quae
642 2311 738 2363 illic
754 2314 947 2374 habito,
967 2322 1157 2362 exeam:
1178 2315 1343 2382 faciam

330 2402 415 2435 vos
439 2394 670 2434 certlores.

983 2461 1023 2508 C
1042 2477 1067 2507 c
1099 2475 1128 2523 3
