1630 2866
201 193 290 240 188
506 195 1150 247 PSEUDOLUS.
1377 216 1484 255 v.2

189 303 367 361 Puero,
390 317 531 366 atque
551 305 708 351 eidem
727 306 762 351 si
787 306 971 355 addunt
990 308 1337 370 turpitudinem
1351 344 1365 368 ‚

188 377 288 424 Nae
307 380 396 436 illi,
425 391 765 444 quantumego
784 398 914 428 nunc
932 383 1075 429 corde
1099 383 1311 445 consipio
1330 401 1440 430 meo
1453 419 1470 443 ‚

187 451 364 498 Malam
395 470 497 499 rem
532 471 781 520 magnam,
815 458 1086 519 multasque
1117 473 1358 504 aerumnas
1390 458 1471 504 da-

440 540 578 573 nunt.

183 595 331 644 Velut
359 599 473 644 haec
501 600 619 645 mihi
647 601 805 646 evenit
830 600 1022 661 servitus
1039 634 1052 658 ‚
1081 600 1169 647 ubi
1191 616 1280 665 ego
1305 601 1468 648 omni-

439 674 526 719 bus

182 743 338 791 Parus
369 748 644 811 magnisque
679 748 871 794 miseriis
901 747 1210 829 praefulcior:

180 816 354 879 Neque
376 837 463 884 ego
482 833 742 868 amatorem
765 821 916 868 mihi
905 821 1117 868 invenire
1142 822 1298 866 ullum
1316 805 1470 882 queo:

181 890 282 958 Qui
314 905 441 938 amet
468 912 578 952 me,
612 907 667 941 ut
697 912 829 941 curer
857 894 1051 941 tandem
1075 894 1409 942 nitidiuscule.

179 962 322 1009 Nunc
355 966 466 1011 huic
494 968 658 1013 lenoni
688 979 755 1013 est
787 968 932 1013 hodie
966 966 1128 1013 natalis
1162 965 1290 1011 dies:

178 1034 517 1083 Interminatus
552 1050 618 1084 est
647 1057 672 1084 a
705 1039 909 1085 minimo
945 1040 1007 1084 ad
1041 1053 1356 1094 maxumum,

179 1107 227 1154 Si
261 1109 363 1169 quis
389 1126 490 1155 non
521 1111 668 1155 hodie
693 1126 866 1155 munus
901 1110 1093 1155 misisset
1120 1109 1232 1165 sibi,

175 1183 304 1229 Eum
333 1200 427 1229 cras
461 1185 669 1230 cruciatu
697 1199 926 1229 maxumo
961 1182 1216 1244 perbitere.

177 1253 322 1301 Nunc
349 1257 506 1302 nescio
533 1258 689 1302 hercle
724 1258 864 1302 rebus
898 1255 1019 1317 quid
1045 1255 1210 1301 faciam
1236 1256 1367 1302 meis-

177 1326 351 1390 Neque
370 1347 456 1394 ego
472 1330 595 1375 illud
621 1346 841 1396 possum,
866 1328 1004 1390 quod
1029 1329 1098 1374 illi
1109 1327 1228 1390 ‚qui
1244 1333 1470 1389 possunt,

433 1405 600 1449 solent.

124 1484 128 1486 “
174 1473 319 1520 Nunc
347 1476 433 1520 nisi
466 1475 630 1521 lenoni
663 1489 839 1520 munus
872 1473 1019 1519 hodie
1052 1473 1256 1530 misero,

175 1547 287 1593 Cras
317 1549 433 1593 mihi
467 1548 705 1610 potandus
741 1547 920 1593 fructus
955 1557 1023 1592 est
1057 1546 1300 1592 fullonius·

174 1620 337 1667 Eheu!
370 1638 514 1682 quarn
548 1623 653 1668 illae
675 1621 742 1667 rei
773 1637 859 1684 ego
882 1619 1026 1666 etiam
1062 1634 1193 1666 nunc
1221 1633 1327 1664 sum
1358 1632 1467 1678 par⁶

430 1697 566 1741 volus
584 1696 594 1741 ἔ

175 1765 339 1826 Atque
365 1767 540 1827 ed'epol
563 1778 619 1812 ut
638 1782 769 1812 nunc
793 1766 916 1810 male
945 1781 1058 1810 eum
1076 1773 1241 1809 metuo
1259 1760 1424 1807 miser!

175 1837 223 1884 Si
252 1840 482 1900 quispiam
513 1841 628 1896 det,
662 1838 779 1900 quoi
805 1853 971 1882 manus
999 1836 1178 1900 gravior
1208 1835 1322 1892 siet,

178 1910 494 1979 Quamquam
524 1912 646 1957 illud
680 1913 814 1974 ajunt
842 1925 1014 1972 magno
1046 1909 1230 1973 gemitu
1259 1907 1391 1965 fierij

175 1986 487 2047 Coiiprimere
523 1987 687 2032 dentes
719 1984 889 2031 videor
919 2000 1052 2045 posse
1079 1983 1239 2048 aliquo
1259 1981 1423 2028 modo.

175 2059 270 2105 Sed
300 2062 644 2122 conprimenda
678 2071 745 2106 est
776 2058 894 2105 mihi
922 2075 1021 2105 vox
1049 2070 1194 2119 atque
1228 2056 1410 2111 oratio,

174 2131 330 2180 Herus
361 2151 527 2181 eccum
567 2135 733 2198 recipit
766 2150 813 2181 se
845 2132 1083 2193 domum,
1118 2142 1166 2179 et
1199 2129 1334 2177 ducit
1368 2141 1452 2172 co-

428 2225 593 2270 quom.
1409 2223 1414 2227 ’
