1630 2866
72 170 200 216 v.14
362 147 653 198 ACTUS
708 147 784 192 II.
840 143 1069 192 SC.11.
1263 157 1356 203 255

74 262 238 322 Atque
270 269 325 304 ut
354 272 487 302 nunc
516 254 669 302 valide
697 252 900 299 fluctuat
925 268 1079 310 mare,
1107 251 1238 297 nulla
1268 267 1359 297 no-

326 330 396 376 bis
428 345 528 390 spes
563 338 643 372 est.

75 404 173 452 Nisi
195 403 316 466 quid
340 403 633 449 concharum
654 399 912 461 capsimm,
931 397 1166 444 incoenati
1192 411 1357 444 sumus

327 474 558 536 profecto.

75 547 218 594 Nunc
236 544 474 594 Venerem
502 544 621 589 hanc
641 558 924 601 veneremur
944 542 1126 588 bonam
1140 575 1156 599 ‚
1191 551 1247 587 ut
1274 555 1360 588 nos

337 618 496 680 lepide
525 617 756 682 adjuverit
784 616 940 662 hodie.

464 801 795 850 SCENA
868 801 969 848 II.

131 944 681 983 TRAGHALIO.
752 941 1318 979 PISGATORES.

435 1087 1019 1122 TRACHALIO.

80 1148 346 1259 ANIMO
382 1206 624 1253 adversavi
653 1205 848 1264 sedulo,
877 1221 939 1251 ne
968 1205 1138 1253 herum
1160 1223 1360 1267 usquam

340 1280 659 1343 praeterirem.
886 1339 889 1341 ‚

80 1359 205 1405 Nam
234 1372 383 1416 quom
416 1354 566 1399 modo
604 1352 761 1399 exibat
794 1352 916 1400 foras
935 1390 949 1412 ,
995 1355 1057 1400 ad
1090 1366 1286 1417 portum
1315 1369 1367 1400 se

334 1426 459 1472 aibat
483 1426 549 1469 ire
563 1458 576 1480 ‚
1202 1426 1206 1431 ’

83 1501 166 1548 Me
197 1499 291 1543 huc
321 1497 512 1541 obviam
533 1494 667 1558 jussit
700 1496 787 1541 sibi
815 1497 975 1542 venire
1005 1498 1065 1542 ad
1081 1498 1274 1555 Veneris
1298 1497 1366 1543 fa-

337 1584 470 1612 num.

87 1642 183 1690 Sed
202 1659 320 1703 quos
344 1652 593 1703 perconter
609 1675 623 1698 ‚
652 1641 908 1688 commode
934 1658 1064 1688 eccos
1080 1642 1225 1690 video
1251 1654 1367 1699 asta-ff

344 1716 419 1760 re!
453 1714 611 1760 adibo.

89 1789 271 1838 salvete
287 1823 301 1846 ,
330 1788 453 1834 fures
483 1788 705 1834 maritimi
721 1823 735 1846 ‚
776 1789 1020 1836 conchitae
1038 1823 1053 1846 ‚
1096 1799 1240 1850 atque
1281 1790 1366 1845 ha-]

339 1871 538 1916 miotae,

23 1932 27 1937 ’
89 1932 319 1980 Famelica
334 1932 586 1980 hominum
602 1934 754 1980 natio!
788 1936 908 1995 quid
928 1935 1090 1999 agitis?
1109 1948 1163 1981 ut
1179 1935 1367 1997 peritis?⁴

87 2070 97 2081 ι
483 2025 511 2058 P
548 2026 568 2057 1
607 2026 630 2059 s
667 2028 694 2059 c
731 2027 766 2060 A
800 2028 832 2060 T
868 2029 899 2061 o
937 2030 983 2063 R.
1021 2068 1029 2077 ,

89 2083 155 2143 U't
174 2095 453 2157 piscatorem
477 2111 684 2155 aequom
699 2097 754 2142 ’st
769 2131 782 2153 ,
802 2096 948 2154 farne,
970 2099 1042 2144 siti
1055 2133 1070 2156 ‚
1090 2115 1283 2159 speque.

445 2187 476 2220 Τ
511 2189 545 2220 R
579 2187 615 2220 A
652 2189 679 2220 c
718 2190 752 2221 Η
789 2191 823 2222 A
858 2190 888 2221 L
908 2191 944 2228 ,1
982 2192 1027 2224 o.

642 2249 855 2309 Ecquem
874 2251 1227 2297 adulescentem
1246 2253 1370 2310 huc,

92 2318 226 2367 Dum
242 2321 319 2385 hic
344 2320 494 2366 astatis
506 2354 520 2377 ‚
539 2331 727 2367 strenua
744 2320 858 2367 facie
873 2356 888 2380 ,
905 2320 1255 2381 rubicundum,
1272 2321 1371 2368 for⁴

347 2405 445 2440 tem
458 2428 472 2451 ‚
510 2395 597 2455 qui
621 2406 714 2441 tres
