1630 2866
79 161 173 197 Μ
364 141 656 192 Aeros
707 139 1082 190 1v.sc.11.
1143 192 1148 197 ,
1265 140 1363 205 39⁷,

466 332 796 380 SCENA
877 333 976 379 ΙΙ.

80 479 617 518 GELASIMUS,
685 476 1361 531 PAMPHILIPPUSg

444 565 995 602 EPIGNOMUS.

450 691 1021 728 GELASIMUS.

82 751 239 863 SED
272 813 337 860 ita
360 813 497 874 quod
521 813 683 875 occepi
708 828 892 859 narrare
911 811 1070 858 vobis:
1108 827 1261 872 quom
1282 813 1363 859 hic
1390 850 1403 863 .

338 901 439 931 non
459 885 595 942 affui,

85 959 211 1005 Cum
228 958 384 1004 amicis
404 958 656 1005 deliberavi
666 959 785 1023 jam,
801 970 849 1005 et
866 974 979 1004 cum
997 959 1205 1022 cognatis
1220 959 1360 1005 meis:

83 1034 156 1079 Ita
178 1032 307 1079 mihi
345 1043 555 1078 auctores
583 1031 718 1078 fuere
737 1066 752 1089 ‚
794 1043 851 1077 ut
880 1043 1070 1095 egomet
1101 1049 1181 1078 me
1219 1033 1365 1080 hodie

325 1106 598 1171 jugularem
625 1105 762 1151 fame.

89 1176 185 1224 Sed
200 1177 405 1224 videone
427 1193 515 1242 ego
542 1178 931 1240 Pamphilippum
954 1194 1068 1225 cum
1095 1177 1233 1226 fratre
1250 1179 1367 1242 Epi-

333 1251 551 1314 gnomo?
580 1262 725 1312 atque
757 1252 793 1297 is
825 1263 906 1297 est.

83 1321 336 1388 Aggredjar
358 1323 620 1369 hominem.
645 1335 824 1386 sperate
838 1326 1168 1389 Pamphilippe
1181 1361 1195 1385 ‚
1212 1342 1243 1373 o
1263 1343 1366 1389 spes

341 1398 474 1442 mea!
1190 1452 1195 1457 ,

86 1469 136 1515 Ο
158 1484 263 1514 mea
288 1468 412 1515 vita!
442 1485 472 1513 o
498 1485 603 1515 mea
620 1471 862 1531 voluptas!
892 1475 1028 1519 salve.
1052 1474 1234 1521 salvom
1256 1490 1369 1538 gau-

339 1539 458 1598 deo,

91 1613 285 1677 Peregre
302 1623 350 1658 te
366 1613 416 1658 in
433 1613 631 1675 patriam
648 1616 818 1663 redisse
834 1618 1024 1664 salvom.

347 1706 1122 1746 PAMPHILIPPUS.

915 1770 1051 1818 Salve
1065 1808 1078 1830 ,
1103 1771 1336 1819 Gelasime
1353 1774 1366 1818 !

448 1854 479 1887 G
517 1854 548 1887 E
582 1854 615 1888 L
651 1854 687 1889 A
722 1854 745 1889 S
781 1855 803 1889 Ι
837 1856 883 1890 Μ
918 1857 954 1890 U
991 1857 1031 1891 S.

90 1910 337 1961 Valuistin’
354 1912 478 1957 bene
488 1911 510 1956 Ρ

345 2005 1120 2044 PAMP-HILIPPUS.

475 2071 739 2120 Sustentavi
771 2075 947 2122 sedulo.

453 2164 1029 2202 GELASIMUS.

924 2229 1141 2290 Edepol,
1174 2206 1371 2291 gaiideo.

98 2297 288 2360 Edepol
307 2312 393 2343 nae
411 2307 600 2359 egomet
615 2296 734 2342 mihi
750 2300 972 2348 modium
987 2317 1115 2348 nunc
1132 2301 1262 2349 mille
1280 2316 1374 2350 esse

346 2369 525 2434 argenti
552 2369 713 2418 velim.
