1630 2866
84 165 210 216 v.37
344 146 635 198 ACTUS
690 146 791 194 IV.
846 144 954 194 SC.
1000 147 1118 193 III
1275 162 1366 208 307

90 258 192 329 Qui
227 256 383 303 minus
414 255 544 302 hunc
577 269 891 302 communem
927 269 1102 316 quaeso
1129 253 1248 300 mihi
1277 271 1371 302 esse

342 338 536 390 oportet
558 326 809 373 vidulum.
799 325 820 358 Ρ

87 403 148 450 In
171 402 289 450 mari
315 401 518 449 inventu
534 401 618 459 ’,ει
649 414 910 446 commune
935 408 1015 446 est.

547 497 583 531 G
616 498 650 531 R
686 498 706 530 1
746 498 774 532 P
811 497 846 530 U
882 497 924 532 s.

662 565 762 612 Nae
795 564 1085 627 inpudenter
1112 565 1373 631 inpudens!

92 639 217 686 Nam
243 639 278 684 si
304 639 422 684 istuc
439 637 517 702 jus
545 638 632 695 sit,
663 637 799 699 quod
834 654 1097 697 memoras,
1124 640 1374 699 piscatores

351 711 600 772 perierint:

95 784 293 854 Quippe
321 800 474 844 quom
492 782 767 844 extemplo
756 797 807 827 m
832 782 1086 857 macellum
1102 784 1248 845 pisces
1262 800 1378 846 pro-

307 852 434 900 lati
453 855 573 899 sient
587 888 602 911 ,

95 927 254 974 Nemo
278 938 430 973 emat:
459 943 592 972 suam
615 926 817 988 quisque
836 937 1023 987 partem
1045 926 1247 990 piscium
1264 944 1376 991 pos<

349 1010 423 1044 cat
449 998 564 1044 sibi:

97 1070 263 1130 Dicat,
294 1071 345 1117 in
373 1072 491 1118 mati
514 1071 764 1118 communi
790 1083 962 1134 captos.

451 1173 1043 1210 TRACHALIO.

832 1243 971 1312 Quid
995 1242 1083 1300 ais,
1110 1244 1383 1306 inpudens?

99 1313 249 1359 Ausus
282 1314 423 1360 etiam
452 1330 706 1376 conparare
734 1314 957 1360 vidulum
989 1331 1102 1362 cum
1132 1317 1377 1378 piscibus?

97 1387 276 1432 Eadem
300 1386 496 1433 tandem
527 1401 598 1433 res
625 1388 816 1434 videtur
831 1389 853 1431 ἐ’

555 1486 588 1519 G
612 1485 659 1518 :R
694 1486 714 1518 Ι
750 1486 778 1519 P
818 1487 853 1518 U
891 1485 927 1519 S.

759 1545 816 1589 In
850 1562 994 1591 manu
1020 1561 1119 1592 non
1150 1559 1218 1594 est
1246 1566 1381 1596 mea:

105 1615 201 1662 Ubi
226 1614 388 1661 demisi
410 1627 560 1661 retem
589 1628 732 1678 atque
760 1618 983 1676 hamum,
1010 1621 1255 1682 quidquid
1270 1623 1382 1670 hae·

366 1689 448 1745 sit,
478 1689 685 1735 extraho.

106 1760 299 1819 Meum,
317 1761 452 1822 quod
474 1773 572 1808 rete
592 1774 735 1824 atque
754 1763 883 1822 lpmi
901 1766 1027 1812 nacti
1051 1778 1188 1825 sunt,
1213 1783 1381 1842 meum

44 1845 47 1849 ·
363 1835 678 1895 potissumum
696 1839 761 1883 ’st.

415 1945 425 1966 s
458 1936 496 1968 Τ
530 1939 565 1971 R
597 1939 634 1972 A
668 1940 695 1971 c
730 1940 766 1972 Η
801 1941 837 1973 A
870 1942 902 1975 L
937 1943 959 1975 1
995 1943 1041 1975 ο.

113 2004 270 2050 Immo
298 2002 479 2063 hercle,
509 2006 640 2054 haud
663 2020 752 2059 est;
783 2010 1019 2071 siquidem
1043 2013 1179 2073 quod
1205 2029 1283 2060 vas
1302 2029 1386 2060 ex-

905 2084 1080 2144 cepisti.

573 2172 605 2207 G
642 2175 677 2208 R
710 2175 731 2207 1
765 2176 794 2209 Ρ
832 2176 868 2208 tJ
903 2178 943 2211 s.

1084 2230 1391 2292 Philosophe!

473 2301 506 2335 Τ
541 2303 575 2336 R
608 2303 644 2337 A
681 2304 709 2336 C
746 2304 781 2336 Η
815 2304 851 2337 A
887 2305 917 2338 I.
953 2306 974 2338 Ῑ
1012 2306 1060 2340 O.

120 2366 213 2415 Sed
237 2382 292 2417 tu
318 2387 379 2417 en
401 2387 634 2432 umquam
651 2373 928 2441 piscatorem
942 2375 1101 2422 vidisti
1114 2410 1127 2433 ,
1154 2378 1390 2438 venefice‚

1074 2448 1184 2500 Va
