1630 2866
0 2474 14 2515 ..Ἶ-
0 2374 9 2434 ην-ᾼπ
0 2178 10 2362 Ww--w-vv

139 158 266 197 mn
452 134 745 187 ACTUS
792 102 1111 184 11.SC.1.
1326 151 1417 199 375

140 248 219 302 An
237 263 352 300 vero
373 257 519 312 ‘nugas
541 262 750 296 censeas-3
774 244 894 293 nihil
916 260 1010 295 esse
1029 243 1166 306 quod
1183 260 1271 309 ego
1288 261 1420 298 nunc

394 322 487 368 scio
504 321 527 367 Ρ

139 403 353 452 Tantum
373 419 400 447 a
419 411 565 463 portu
587 409 790 461 apporto
815 397 1008 444 bonum
1022 433 1036 455 ‚
1065 408 1167 444 tam
1186 399 1417 463 gaudium

391 474 533 520 affero
555 472 760 537 grande,

138 552 238 605 Vix
259 547 355 614 ipsa
378 550 574 596 domina
595 550 689 595 hoc
702 582 717 605 ‚
747 547 835 593 nisi
855 546 994 604 sciat,
1025 559 1251 609 exoptare
1271 565 1298 594 a
1318 548 1421 594 Diis

402 623 585 669 audeat.

58 758 61 759 ⁷
141 705 285 750 Nunc
306 703 435 749 ultro
454 704 549 748 hoc
571 701 856 762 deportem?
886 700 1018 746 haud
1045 703 1226 762 placet:
1257 719 1418 764 neque

398 775 451 820 id
471 791 584 821 vero
608 773 818 820 officium
839 772 1050 819 arbitror.

142 853 235 901 Hic
256 854 351 901 hoc
372 853 561 901 videtur
582 852 701 898 mihi
722 851 865 916 magis
891 867 1003 906 meo
1026 854 1280 900 convenire
1306 855 1420 900 huic

397 926 571 972 nuntio
584 959 598 982 ‚
1429 982 1440 993 ο

142 1003 412 1052 Advorsum
434 1014 490 1049 ut
510 1001 694 1057 veniat,
719 1001 972 1047 obsecret
947 1037 961 1059 ,
985 1018 1033 1048 se
1055 1014 1110 1048 ut
1128 1004 1301 1049 nuntio
1324 1004 1418 1050 hoc

397 1074 661 1136 inpertiam.

141 1153 377 1200 Secundas
401 1152 610 1198 fortunas
633 1150 805 1196 decent
827 1149 1085 1211 superbiae.
1139 1174 1142 1178 ⁴

140 1231 236 1280 Sed
256 1231 451 1277 tandem
474 1248 628 1292 quom
640 1229 849 1293 recogito
863 1263 877 1286 ,
898 1230 984 1291 qui
1001 1232 1163 1292 potuit
1177 1232 1288 1279 scire
1301 1234 1417 1279 haec

391 1307 503 1352 scire
526 1306 638 1351 me?

68 1404 71 1407 ’
140 1386 254 1432 Non
276 1388 404 1432 enim
425 1403 618 1447 possum
631 1399 650 1442 ,·
671 1387 791 1446 quin
810 1397 1016 1432 revortar
1033 1421 1047 1443 ,
1078 1388 1198 1447 quin
1217 1389 1415 1449 loquar,

402 1459 523 1518 quin
549 1458 814 1508 edissertem
829 1492 843 1514 ‚

144 1534 418 1594 Heramque
441 1550 501 1579 ex
521 1550 730 1578 maerore
755 1533 960 1583 eximam
973 1566 988 1590 ,
1004 1533 1249 1585 benefacta
1270 1537 1421 1598 majo-

393 1623 503 1653 rum
531 1624 706 1674 meum*

70 1742 73 1743 ⁷
144 1685 414 1747 Exaugeam
429 1717 444 1740 ‚
479 1695 627 1745 atque
657 1684 786 1733 illam
819 1700 1016 1748 augeam
1046 1701 1107 1738 ex
1131 1685 1367 1750 insperato
1392 1704 1421 1733 a

398 1752 542 1818 portu
562 1758 711 1817 bono.

147 1833 456 1880 Contundam
473 1833 591 1880 facta
601 1833 872 1896 Talthybii‚
891 1845 1295 1896 contemnamque
1315 1853 1420 1883 om·-

401 1923 472 1952 ms
493 1919 711 1953 nuntlos:
863 1969 870 1971 -

147 1984 397 2045 Simulque
432 1983 492 2029 ad
528 2000 766 2046 cursuram
794 1984 1061 2037 meditabor
1085 2001 1164 2029 me
1188 1985 1249 2030 ad
1279 1982 1420 2031 ludos

403 2055 671 2117 Olympiae.

147 2130 242 2177 Sed
278 2130 481 2192 spatium
516 2132 617 2182 hoe
649 2132 850 2186 oceidit:
896 2134 1040 2185 breve
1062 2136 1116 2180 ’st
1155 2137 1420 2183 curriculo.
1409 2157 1419 2166 ·

401 2226 546 2269 quam
574 2226 653 2254 me
682 2210 925 2270 poenitet!

149 2285 284 2354 Quid
305 2288 416 2332 hoc.
408 2287 428 2319 Ρ
452 2286 685 2342 occlusam
697 2288 899 2352 januam
920 2288 1076 2345 video.
1108 2249 1217 2349 ibo,
1243 2303 1290 2337 et
1310 2293 1420 2353 pul-

406 2364 519 2410 tabo
542 2364 661 2411 foris.
1089 2414 1097 2420 ,

1054 2440 1098 2487 A
1115 2458 1141 2487 a
1173 2459 1203 2502 4
