1598 2814
208 169 299 231 φᾶ
432 153 1234 218 TRUCULENTUS
1356 188 1483 231 m„

379 330 383 333 ,
631 289 652 322 s
692 290 723 322 Τ
759 290 792 323 Β
828 288 863 322 A
900 289 928 321 B
965 289 999 322 A
1034 289 1082 324 x.

399 351 464 399 At
488 367 575 415 ego
594 361 860 416 argentum.

474 443 1268 478 STRATOPHANES.

766 502 832 548 At
850 519 938 566 ego
956 504 1130 564 pallam
1147 514 1194 550 et
1210 520 1490 566 purpuram.

625 594 647 629 s
686 596 716 629 Τ
754 598 787 630 Β
825 596 859 629 A
896 597 923 629 B
959 596 995 630 A
1029 597 1078 630 x.

206 664 269 711 At
287 680 373 728 ego
393 680 502 710 oves
524 675 571 710 et
591 665 766 710 lanam:
790 674 836 710 et
854 664 939 710 alia
958 666 1134 723 multa,
1157 680 1281 726 quae
1297 674 1486 727 poscet,

465 739 601 787 dabo.

206 812 376 858 Melius
398 822 446 857 te
467 811 607 857 minis
623 822 794 856 certare
813 802 1030 867 mecum)
1061 820 1207 871 quam
1235 809 1453 857 minaciis.

534 905 563 937 P
600 905 634 936 H
671 906 704 938 R
741 905 773 937 o
813 905 848 937 N
886 904 917 937 Ε
957 901 978 935 s
1015 903 1034 935 1
1074 903 1107 936 U
1146 905 1205 937 M.

205 963 413 1025 Lepidus
434 975 608 1010 ecastor
625 952 830 1009 mortalis
848 963 857 1008 !
883 961 1080 1009 Strabax
1104 964 1198 1021 mi,
1215 975 1384 1027 perge,
1405 962 1494 1008 ob-

459 1051 604 1081 secro.

205 1106 385 1155 Stultus
411 1120 555 1170 atque
574 1108 761 1153 insanus
791 1107 973 1158 damnis
1002 1116 1206 1153 certant:
1238 1121 1323 1167 nos
1346 1106 1495 1152 salvae

457 1192 630 1227 sumusj.

465 1272 1255 1308 STRATOPHANES.

204 1333 303 1399 Age
331 1335 462 1396 prior
479 1369 495 1394 ,
522 1334 613 1382 tiro
630 1369 643 1392 ,
676 1334 736 1379 da
760 1334 955 1395 aliquid.

628 1429 651 1463 s
688 1430 719 1462 T
757 1430 791 1463 R
828 1429 862 1461 A
901 1430 930 1461 Β
966 1429 1000 1461 A
1038 1429 1089 1463 x.

647 1499 807 1544 Immo
837 1510 894 1544 tu
922 1498 1051 1560 prior
1083 1497 1230 1560 perde
1249 1533 1264 1557 ,
1294 1510 1341 1546 et
1373 1499 1484 1560 peri.

467 1589 1254 1625 STR'ATOPHANES.
1417 1633 1419 1641 x

202 1650 330 1696 Hem
348 1651 435 1696 tibi
451 1653 686 1698 talentum
705 1651 906 1716 argenti!
930 1650 1318 1711 Philippicum'st
1336 1667 1346 1696 :
1374 1659 1487 1695 tene

457 1726 559 1772 tibi.
598 1766 600 1768 .

530 1821 559 1853 P
597 1821 631 1853 Η
668 1822 701 1854 Β
738 1821 770 1854 o
807 1821 841 1854 N
877 1819 908 1853 Ε
944 1819 967 1852 s
1004 1820 1023 1852 1
1063 1819 1098 1852 U
1133 1819 1189 1853 M.
1512 1870 1516 1871 ⁷

203 1895 361 1941 Tanto
395 1893 592 1939 melior!
635 1903 794 1938 noster
832 1901 960 1942 est0;
996 1889 1078 1936 sed
1117 1888 1178 1935 de
1215 1899 1374 1935 vostro
1412 1888 1485 1935 vi-

460 1965 575 2011 vito.

467 2054 1254 2094 STRATOPHANES.

209 2119 301 2167 Ubi
321 2129 416 2176 est,
444 2118 580 2180 quod
598 2132 652 2165 tu
672 2118 778 2164 das?
805 2120 933 2165 solve
951 2134 1099 2164 zonas.

532 2215 559 2248 P
596 2215 630 2247 H
669 2215 702 2249 R
741 2214 772 2247 O
810 2215 843 2247 N
878 2215 909 2247 E
946 2213 969 2247 S
1010 2214 1031 2246 1
1067 2211 1102 2244 U
1138 2211 1196 2245 M.

952 2284 955 2289 ’
1012 2276 1311 2321 Provocatur.

467 2355 1249 2396 STRATOPHANES·

1148 2414 1484 2485 Quidtimes?
