1630 2866
97 165 262 213 κιαι
415 145 705 196 ACTUS
756 147 794 192 I.
846 145 953 194 SC.
1001 146 1120 195 ΙΙΙ.
1284 164 1375 210 151

448 269 479 306 1²
515 268 539 305 S
574 269 605 306 E:
641 268 677 304 U
712 269 750 305 D
784 266 818 307 Θ
853 266 958 310 Lu
994 267 1035 305 S·

100 341 335 389 Extuare
352 354 453 387 non
471 350 566 398 est,
586 349 641 385 ut
661 354 748 402 ego
771 336 985 384 emmim.

454 593 487 626 ι’
522 592 545 626 s
579 593 611 626 Ε
650 592 687 626 U
720 593 757 627 D
795 593 830 627 o
865 593 898 627 1.
933 593 970 627 U
1007 594 1045 628 s.

1146 645 1224 694 Sic
1236 679 1253 704 ,
1273 646 1381 708 quia

97 716 148 766 Si
176 733 263 784 ego
295 728 546 765 emortuus
575 718 694 776 sim,
727 717 925 766 Athenis
954 730 1003 766 te
1031 720 1089 766 sit
1113 735 1260 767 nemo
1293 736 1380 766 ne-

4 817 23 840 ·
354 808 509 853 quior.

435 886 481 918 *c
516 884 551 918 A
585 883 616 918 Ι,
651 886 677 919 1
708 887 749 919 1)
783 885 817 920 o
853 887 889 920 R
925 886 962 919 U
998 887 1037 921 s.

99 953 192 1001 Dic
206 953 347 1011 mihi,
364 953 558 999 obsecro
579 953 763 1012 hercle,
778 970 949 1002 verum
962 956 1081 1002 serio
1095 988 1109 1012 ,
1127 955 1218 1001 hoc
1238 956 1375 1017 quod

348 1035 398 1070 te
423 1039 555 1088 rogo.
1357 1046 1361 1049 *

99 1097 212 1145 Non
237 1097 379 1144 habes
407 1096 627 1143 venalem
658 1097 861 1144 amicam
890 1107 949 1144 tu
983 1113 1143 1144 meam
1169 1096 1378 1153 Phoeni÷

349 1168 516 1215 cium?

130 1269 133 1273 .
556 1247 587 1279 B
623 1245 660 1280 A
695 1245 727 1280 1.
759 1246 791 1279 1,
826 1246 850 1279 1
884 1246 933 1280 o.

95 1307 212 1360 Non
248 1311 421 1376 edepol
458 1314 614 1361 habeo
646 1313 896 1376 profecto;
940 1329 1055 1360 nam
1087 1311 1378 1378 jampridem

349 1388 565 1435 vendidi.

454 1480 483 1513 c
519 1480 557 1513 A
591 1479 623 1513 1.
657 1480 680 1512 1
714 1481 752 1513 D
791 1479 827 1513 ο
865 1481 901 1515 n
936 1479 973 1513 U
1006 1479 1046 1513 s.

99 1531 408 1601 Quomodo?

549 1609 582 1641 Β
616 1610 652 1644 A
687 1610 719 1642 1.
752 1607 784 1640 L
819 1609 840 1641 1
879 1608 927 1640 o.

279 1676 395 1724 Sine
413 1680 726 1736 ornamentis,
752 1693 866 1724 cum
887 1677 1123 1724 intestinis
1143 1675 1382 1723 omnibus.

456 1781 484 1813 c
520 1781 556 1814 A
590 1780 623 1817 1.
657 1781 681 1813 1
714 1781 753 1813 D
792 1780 827 1814 o
861 1779 897 1814 ιι
931 1777 969 1811 U
1003 1777 1041 1812 s.

101 1844 261 1894 Meam
277 1859 336 1895 tu
352 1850 551 1898 amicam
574 1850 863 1898 vendidisti?

554 1943 586 1975 B
624 1943 660 1977 A
693 1943 726 1977 1.
758 1944 791 1978 Ι.
825 1943 865 1986 ι,
887 1943 939 1977 ο.

151 2017 176 2042 ⁴¹
432 2055 435 2060 .
827 2010 1010 2070 Valde,
1040 2010 1209 2077 viginti
1233 2007 1386 2058 minis.¹

463 2097 491 2129 C
527 2096 565 2131 A
597 2097 631 2136 1.-
663 2099 688 2132 Ι
721 2100 761 2139 D
799 2100 835 2136 Ο
867 2101 906 2137 R
940 2100 979 2136 U
1013 2101 1054 2138 S·
1103 2118 1107 2121 ·

103 2163 287 2230 Niginti
315 2160 488 2211 minis?

562 2240 594 2273 B
627 2239 664 2274 A
698 2240 731 2281 L
764 2240 796 2273 1.
828 2241 852 2274 1
886 2240 932 2274 ο.

412 2307 587 2355 Utrum
611 2307 709 2364 vis,
730 2308 810 2356 vel
837 2316 1005 2368 quate:
1032 2307 1188 2368 quinis
1215 2307 1383 2365 minis,

106 2377 249 2428 Militi
261 2380 558 2428 Macedonio.
575 2391 622 2427 et
629 2380 731 2446 jam
746 2379 1027 2443 quindecim
1042 2381 1197 2428 habeo
1213 2380 1374 2433 minas.

1075 2451 1116 2500 K
1148 2469 1179 2514 4
