1630 2866
75 176 220 225 mss*
384 168 673 218 Aeros
724 169 783 216 v.
833 167 939 215 sc,
980 169 1056 214 11.
1292 169 1347 224 85

86 285 188 348 Ego
213 299 317 330 sum
349 283 473 344 ipsus
493 316 507 339 ,
536 295 683 341 quem
714 289 768 323 tu
802 277 993 338 quaeris.

562 375 597 408 fl
631 373 666 406 A
701 374 734 406 N
770 374 804 406 N
840 374 889 406 ο.

728 433 881 478 Hem!
913 431 1033 494 quid
1058 444 1149 495 ego
1174 431 1349 478 audio?
1428 431 1430 434 ’

338 530 1120 567 AGORASTOCLES.

81 594 361 641 Antidamae
393 606 587 659 gnatum
622 609 700 638 me
729 609 836 638 esse.

566 693 600 725 Η
636 692 671 725 A
705 691 738 724 n
773 672 817 724 N*
841 691 891 723 ο.

840 748 889 795 Si
921 750 984 794 ita
1010 759 1076 794 est
1095 780 1109 803 ‚
1138 758 1353 793 tesseram

85 823 311 870 Conferre
336 824 372 869 si
399 824 466 870 vis
498 824 776 885 hospitalem
793 858 808 882 ,
839 839 994 871 eccam
1009 856 1023 878 ‚
1057 820 1218 866 adtuli.

337 917 1118 952 AGORASTOCLES.

90 976 311 1042 Agedum
341 977 435 1022 huc
466 976 675 1022 ostende.
709 988 776 1022 est
805 994 889 1039 par
922 976 1102 1038 probe:
1128 967 1246 1021 ⁴nam
1276 975 1357 1021 ha-

295 1063 299 1067 ·
341 1049 434 1095 beo
463 1049 607 1095 domi.

569 1142 604 1175 Η
638 1143 674 1175 A
708 1143 742 1176 N
777 1143 812 1176 N
851 1142 900 1174 Ο.

89 1202 139 1249 Ο
172 1202 241 1247 mi
279 1201 478 1263 hospes,
512 1203 634 1249 salve
669 1202 907 1248 multum!
949 1217 1060 1246 nam
1095 1201 1213 1246 mihi
1249 1211 1358 1247 tuus

343 1287 475 1337 pater
494 1311 509 1332 ‚

87 1347 222 1393 Pater
255 1359 364 1394 tuus
396 1365 505 1411 ergo
523 1383 536 1404 ‚
567 1349 734 1409 hospes
761 1346 1035 1393 Antidamas
1058 1347 1171 1393 fuit:

88 1419 219 1466 Haec
253 1420 373 1466 mihi
400 1420 636 1481 hospitalis
668 1431 833 1465 tessera
861 1436 972 1465 cum
1002 1420 1085 1465 illo
1119 1419 1222 1464 fuit.

119 1515 126 1520 ’
348 1520 1187 1555 AGORASTOCLES.-

91 1583 216 1645 Ergo
246 1581 324 1627 hic
351 1582 481 1643 apud
513 1598 590 1626 me
617 1581 875 1642 hospitium
901 1581 988 1626 tibi
1010 1580 1328 1641 praebebitur.

92 1652 217 1698 Nam
246 1651 376 1696 haud
409 1651 611 1712 repudio
644 1650 903 1712 hospitium
921 1685 937 1708 2
978 1666 1136 1710 neque
1171 1650 1361 1696 Cartha-

350 1724 508 1787 ginem
529 1742 539 1768 :

92 1796 214 1841 Inde
242 1812 348 1842 sum
379 1796 619 1842 oriundus.

565 1889 600 1921 Η
635 1890 669 1923 A
705 1890 739 1923 N
772 1891 807 1923 N
843 1889 893 1922 ο.

490 1940 572 1986 Dii
600 1941 716 1987 dent
746 1942 833 1988 tibi
862 1956 1054 1997 omnm,
1092 1955 1213 2000 quae
1238 1940 1362 1986 velis.

95 2009 232 2079 Quid
266 2010 362 2055 ais?
399 2011 484 2070 qui
511 2014 672 2072 potuit
701 2015 833 2071 fieri,
869 2026 926 2060 ut
956 2012 1226 2077 Carthagini

101 2083 283 2128 Gnatus
307 2081 385 2138 sis,
412 2081 487 2127 hic
504 2096 662 2130 autem
685 2087 887 2133 habuisti
905 2086 1132 2132 Aetolum
1148 2084 1365 2147 patrem?

358 2178 1138 2236 AoonAsTocrEs.

97 2239 357 2302 Subreptus
385 2257 489 2285 sum
516 2241 654 2285 illinc.
681 2241 759 2284 hie
787 2256 866 2285 me
890 2240 1162 2287 Antidamas
1193 2243 1361 2301 hospoe

372 2328 458 2357 uus
867 2323 872 2350 ῖ

105 2384 234 2430 Emit
249 2417 266 2444 ,
301 2323 414 2431 ettis
442 2400 522 2432 me
545 2384 631 2431 sibi
657 2383 901 2446 adoptavit
932 2385 1098 2431 filium.

1085 2455 1124 2500 F
1155 2469 1187 2518 3,
