1598 2814
73 187 120 218 v.
148 169 238 219 106
392 162 683 212 ACTUS
734 162 812 208 ΙΙ.
863 159 961 208 SC.
1012 161 1050 206 1.
1119 176 1121 178 ·
1266 171 1401 236 527¹·

434 286 470 318 A
505 284 528 318 s
565 285 596 317 T
631 283 667 316 A
701 283 730 316 P
769 282 804 316 Η
838 282 859 315 1
897 281 932 314 U
967 281 1025 315 Μ.

270 348 376 407 Jam
395 346 470 392 hic
491 362 596 392 ero:
615 360 766 406 prope
784 355 871 402 est,
891 341 1105 405 profecta'
1121 357 1221 403 quo
1238 357 1363 388 sum.

97 469 102 476 ,
439 434 475 466 D
512 433 532 465 1
569 432 601 465 N
640 431 673 464 Α
709 431 743 465 R
778 430 805 463 c
842 429 875 463 Η
911 429 946 462 U
983 428 1018 462 s.

80 495 202 546 Redi
219 511 332 543 vero
360 504 590 539 actutum.
619 507 706 557 ego
731 491 922 537 interim
942 501 990 537 te
1017 487 1148 551 apud
1169 504 1252 535 vos
1272 503 1363 549 op-

333 567 535 629 peribor.

351 714 406 769 A
471 711 521 769 C
588 710 640 766 T
707 711 764 768 U
831 712 867 768 S
965 711 1079 770 11.

508 830 836 879 SCENA
901 831 982 909 ¹2

440 973 1036 1007 ASTAPHIUM.

86 1025 242 1138 HA
261 1124 276 1148 ,
318 1090 408 1148 ha,
453 1091 542 1136 ha!
579 1090 735 1136 hercle
774 1091 970 1150 quievi,
1006 1089 1118 1151 quia
1142 1089 1369 1136 'introivit

341 1162 525 1208 odium.
559 1163 755 1208 tandem
782 1164 880 1209 sola
907 1179 1024 1208 sum.

86 1236 230 1284 Nunc
260 1228 459 1299 quidem
489 1254 599 1283 meo
625 1237 853 1283 arbitratu
882 1228 1049 1299 loquar
1073 1237 1221 1284 libere
1246 1253 1369 1299 quae

338 1311 498 1356 volam
523 1322 571 1356 et
601 1328 723 1371 quae
748 1311 949 1357 lubebit.

89 1381 217 1428 Huic
254 1381 443 1427 homini
475 1384 651 1428 amanti
687 1400 793 1428 mea
823 1383 931 1428 heta
962 1382 1092 1443 apud
1128 1398 1214 1427 nos
1250 1381 1370 1439 dixit

344 1453 535 1498 neniam
565 1455 626 1499 de
651 1455 813 1500 bonis:

91 1524 215 1571 Nam
251 1523 394 1570 fundi
430 1536 477 1570 et
515 1525 649 1571 aedes
685 1528 915 1590 obligatae
954 1536 1064 1571 sunt
1099 1525 1165 1570 ob
1200 1528 1374 1573 amoris

339 1597 622 1658 prandium.
658 1594 827 1644 {rerum

92 1670 240 1733 Apud
270 1671 402 1716 hunc
429 1687 535 1715 mea
563 1671 674 1716 hera
703 1670 892 1717 consilia
920 1686 1104 1716 summa
1129 1670 1371 1731 eloquitur

350 1743 524 1789 libere:
559 1744 802 1807 magisque

94 1813 230 1861 Adeo
253 1813 297 1860 ei
325 1813 606 1860 censssiarius
632 1815 708 1861 hic
738 1815 912 1861 amicus
939 1826 1035 1872 est,
1065 1832 1211 1876 quam
1238 1816 1370 1861 auxi-

345 1887 517 1933 liarius.
1169 1902 1172 1904 ·

94 1959 237 2006 Dum
255 1959 347 2006 fuit
362 1995 377 2017 ,
410 1960 554 2006 dedit.
585 1975 717 2005 nunc
743 1960 861 2005 nihil
881 1960 1037 2006 habet.
1071 1961 1209 2022 quod
1227 1961 1373 2014 habe÷

353 2033 437 2078 bat
454 2068 470 2090 ,
501 2048 589 2078 nos
614 2033 866 2078 habemus:

97 2107 190 2154 Iste
212 2123 342 2153 nunc
370 2107 421 2151 id
448 2107 593 2152 habet
608 2141 622 2163 ‚
642 2106 781 2167 quod
803 2123 888 2152 nos
910 2108 1176 2155 habuimus.
1205 2110 1374 2155 huma-

345 2197 465 2226 num
491 2179 669 2226 facinus
692 2179 870 2224 factum
890 2181 956 2226 'st.
1243 2231 1246 2233 ,

28 2287 33 2291 -
97 2253 333 2301 Actutum
350 2253 568 2299 fortunae
585 2253 740 2297 solent
757 2253 991 2298 muta1ier.
1008 2255 1132 2300 vaxia
1145 2255 1241 2301 vita
1259 2266 1343 2301 est.

35 2334 38 2335 ’
98 2325 199 2373 Nos
219 2327 419 2375 divitem
442 2342 555 2371 eum
574 2323 877 2372 meminimus
890 2357 906 2382 ,
932 2337 1077 2387 atque
1095 2327 1178 2374 iste
1194 2343 1376 2402 Paupeff

359 2417 430 2447 res
459 2416 554 2446 nos.
