1690 2872
332 152 430 213 ‘448
636 148 1299 199 TRINUMMUS.
1496 152 1626 217 v.36

666 267 697 300 L
733 267 763 300 E
799 267 821 300 S
858 268 887 300 B
925 269 957 302 0
995 271 1029 304 N
1066 271 1088 304 1
1127 272 1154 305 C
1193 272 1229 305 U
1265 272 1301 306 S.

539 356 542 358 -
1313 324 1395 371 Dii
1419 325 1562 372 duint

341 395 476 452 Tibi,
491 394 667 452 Philto,
693 410 1030 456 quaecumque
1054 402 1201 456 optes.
1221 397 1343 458 quid
1365 399 1457 463 agit
1475 386 1629 446 filius?

796 490 826 523 P
863 489 898 523 H
933 489 955 522 1
990 489 1021 522 1.
1059 488 1090 521 Τ
1127 489 1175 522 0.

339 541 468 588 Bene
493 543 599 588 volt
628 541 726 587 tibi.

665 628 698 660 L
732 628 762 660 E
800 627 822 661 S
863 627 891 659 B
930 627 962 660 Ο
998 627 1031 660 N
1067 627 1087 659 1
1125 627 1153 660 C
1193 626 1230 660 U
1264 626 1302 662 S.

754 687 944 749 Edepol
974 699 1201 734 mutuom
1223 705 1418 736 mecum
1442 689 1564 737 facit.

730 774 753 808 s
790 776 826 808 fr
862 776 895 808 A
934 774 956 809 s
993 776 1014 808 1
1051 775 1093 807 M
1131 776 1165 808 U
1203 775 1241 809 s.
1304 784 1306 786 >
1502 761 1507 764 ’

335 837 564 899 Nequam
593 837 716 883 illud
746 837 950 883 verbum
974 837 1059 896 ’st‚
1099 837 1229 884 Bene
1262 840 1396 897 volt,
1419 839 1508 886 nisi
1542 839 1629 901 qui

598 911 722 956 bene
754 910 875 957 facit.

337 985 441 1048 Ego
473 1001 672 1045 quoque
696 985 810 1030 volo
835 1000 928 1029 esse
951 983 1096 1033 liber3
1128 982 1465 1045 nequidquam
1485 985 1622 1031 volo:

338 1058 431 1103 Hic
454 1057 665 1117 postulet
694 1055 816 1118 frugi
842 1072 964 1105 esse;
1000 1071 1144 1118 nugas
1175 1057 1400 1115 postulet.

794 1149 821 1181 P
859 1148 893 1181 Η
930 1148 950 1180 1
988 1149 1017 1181 L
1054 1149 1086 1181 Τ
1123 1149 1171 1182 ο.

338 1212 476 1258 Meus
498 1220 664 1273 gnatus
687 1225 768 1254 rne
799 1209 860 1254 ad
884 1220 932 1255 te
954 1209 1106 1267 misit,
1130 1210 1253 1256 inter
1273 1226 1320 1256 se
1342 1221 1488 1273 atque
1507 1227 1592 1259 vos

336 1286 627 1333 Affinitatem
657 1296 709 1330 ut
742 1285 1043 1330 conciliarem
1081 1295 1127 1330 et
1159 1285 1366 1349 gratiam.

337 1359 496 1405 Tuam
517 1359 621 1404 volt
652 1374 860 1403 sororem
891 1358 1063 1403 ducere
1083 1374 1296 1405 uxorem.
1329 1369 1378 1405 et
1406 1358 1527 1405 mihi

338 1432 582 1480 Sententia
607 1433 772 1479 eadem
796 1434 877 1491 ’st,
902 1444 950 1478 et
976 1433 1105 1479 volo.

670 1517 702 1551 L
737 1518 768 1550 E
807 1503 829 1552 ὲ
867 1519 896 1551 Β
933 1519 965 1551 o
1000 1518 1033 1551 N
1069 1518 1090 1551 1
1128 1519 1155 1551 c
1193 1517 1228 1550 u
1264 1517 1302 1551 s,

1109 1579 1246 1624 Haud
1280 1594 1426 1625 nosco
1456 1589 1623 1626 tuum:

338 1653 480 1702 Bonis
512 1654 604 1700 tuis
625 1652 765 1699 rebus
791 1668 917 1698 meas
945 1669 1015 1698 res
1043 1653 1215 1699 inrides
1241 1643 1404 1699 malas}

1319 1719 1325 1735 ι

798 1749 826 1781 Ρ
870 1749 903 1781 Η
940 1750 960 1782 1
996 1749 1027 1782 L
1065 1749 1096 1782 Τ
1133 1750 1181 1783 ο.

337 1811 506 1858 Homo
528 1827 614 1875 ego
633 1828 739 1856 sum
753 1845 766 1868 ‚
794 1810 943 1855 homo
962 1820 1019 1856 tu
1040 1827 1104 1856 es:
1125 1810 1190 1856 ita
1213 1827 1292 1856 me
1318 1810 1496 1856 amabit
1509 1809 1624 1872 Jup*

599 1885 750 1946 piter!

339 1959 512 2020 Neque
542 1968 590 2003 te
615 1957 823 2002 derisum
847 1956 992 2014 veni,
1023 1972 1184 2018 neque
1213 1956 1415 2021 dignum
1437 1967 1570 2018 puto.

337 2026 523 2075 Verum
548 2030 640 2074 hoc
657 2063 669 2085 ‚
696 2039 751 2076 ut
774 2027 900 2085 dixi,
920 2044 1056 2074 meus
1087 2046 1167 2075 me
1201 2029 1349 2076 oravit
1377 2029 1524 2087 filius,

336 2100 405 2148 Ut
437 2114 571 2147 tuam
603 2119 814 2148 sororem
846 2118 1091 2163 poscerem
1121 2120 1325 2150 uxorem
1355 2103 1452 2150 sibi.
1509 2161 1514 2165 υ

663 2186 1302 2232 ιΕ,8ΒοΝΙ(;ῐ.ῐ3.

339 2246 556 2292 Mearum
579 2262 737 2293 rerum
756 2264 835 2292 me
859 2247 1038 2293 novisse
1056 2264 1262 2308 aequom
1283 2247 1336 2290 'st
1355 2244 1584 2293 ordinem.

341 2319 468 2366 Cum
493 2321 659 2367 vostris
687 2335 843 2367 nostra
864 2336 966 2365 non
991 2333 1058 2366 est
1081 2335 1232 2381 aequa
1255 2317 1406 2364 factio.

340 2393 627 2441 Affinitatem
653 2394 788 2443 vobis
817 2394 954 2439 aliam
987 2393 1209 2453 quaerite.
1349 2397 1354 2403 '
