1630 2866
215 181 310 235 '224
537 174 1197 229 PSEUDOLUS:
1343 185 1504 232 v.126

216 283 355 354 Quid
389 281 629 342 deliquit?
658 282 851 386 βᾶίκὶιῗ,
883 284 943 331 ab
975 302 1033 332 eo
1061 286 1149 334 tibi
1188 298 1244 334 ut
1281 304 1465 337 caveres
1484 323 1501 349 ‚

469 366 668 402 centies.

670 449 702 482 Β
739 450 775 484 A
810 450 842 484 L
878 451 909 484 L
943 451 967 485 I
1003 451 1053 486 0.

214 500 432 549 Perdidit
462 517 554 548 me.

731 578 755 613 S
790 580 812 612 1
849 579 893 613 M
931 578 981 614 Ο.

471 638 537 686 At
566 655 647 685 me
680 639 851 704 viginti
882 640 1085 689 modicis
1110 643 1333 692 multavit
1354 645 1504 692 minis.

683 735 713 767 Β
751 735 788 768 A
823 736 855 769 L
888 736 920 770 L
955 736 979 769 I
1014 736 1063 770 Ο.

217 796 355 867 Quid
382 811 512 843 nunc
539 796 740 843 faciam?
874 801 881 804 ”

674 892 710 926 Η
746 892 781 926 A
816 895 850 928 R
887 895 916 928 P
952 893 987 927 A
1021 894 1072 929 Χ.

413 953 464 1001 Si
488 955 608 1001 mihi
629 965 878 1019 argentum
899 955 1083 1001 dederis
1096 990 1111 1014 ,
1142 966 1192 1003 te
1214 955 1505 1018 suspendito.

672 1042 699 1074 Β
739 1042 773 1074 Α
809 1042 840 1074 L
875 1042 907 1073 L
945 1042 966 1074 1
1007 1042 1055 1074 o.
1244 1037 1253 1047 ·

216 1100 301 1147 Dii
331 1113 379 1146 te
410 1100 638 1172 perdant!
675 1116 869 1160 sequere
903 1101 957 1145 sis
984 1117 1063 1146 me
1094 1117 1205 1164 ergo
1229 1102 1317 1147 hac
1349 1102 1409 1148 ad
1432 1102 1506 1149 fo-

826 1187 937 1216 rum
955 1205 969 1228 ,
1002 1182 1058 1216 ut
1085 1173 1280 1219 solvam.

666 1263 1073 1300 HARPAX.

661 1364 663 1366 ,
1310 1317 1509 1381 Sequor.

679 1395 708 1427 Β
748 1394 782 1428 Α
820 1395 850 1427 L
887 1395 919 1427 L
954 1396 976 1428 1
1013 1396 1061 1429 o.

217 1447 385 1502 Hodie
416 1471 503 1519 ego
537 1455 809 1519 peregrinos
836 1455 1107 1515 absolvam,
1125 1472 1220 1503 cras
1245 1473 1378 1522 agam
1393 1475 1507 1506 cum

474 1529 668 1576 civibus.

220 1601 484 1648 Pseudolus
508 1600 628 1647 mihi
646 1602 905 1650 centuriata
925 1601 1091 1648 habuit
1108 1603 1270 1663 capitis
1292 1604 1511 1662 comitia,

220 1675 325 1745 Qui
344 1675 482 1721 illum
502 1676 563 1721 ad
589 1692 667 1721 me
693 1676 836 1725 hodie
859 1677 1074 1741 allegavit
1092 1711 1107 1735 ‚
1141 1678 1394 1724 mulierem
1425 1679 1511 1739 qui

475 1748 744 1794 abduceret.

219 1819 429 1883 Sequere
451 1832 520 1866 tu.
547 1837 677 1867 nunc
707 1838 768 1867 ne
802 1822 1107 1884 exspectetis,
1143 1821 1262 1868 dum
1297 1823 1385 1869 hac
1419 1822 1512 1869 do-

476 1910 615 1940 mum
645 1895 837 1940 redeam
864 1896 952 1941 via.

220 1969 295 2015 Ita
326 1984 396 2014 res
425 1979 550 2032 gesta
580 1979 668 2013 est:
704 1968 950 2032 angiporta
975 1968 1087 2015 haec
1112 1978 1298 2016 certum
1320 1969 1374 2016 'st
1396 1985 1511 2017 con-

477 2052 697 2088 sectarier.

678 2128 714 2161 H
751 2128 785 2161 A
821 2129 855 2162 R
891 2130 920 2162 P
957 2129 992 2162 A
1026 2128 1078 2162 X.

225 2189 273 2241 Si
291 2189 535 2256 graderere
554 2200 744 2236 tanturn
759 2225 772 2247 ‚
798 2201 1038 2251 quantum
1054 2191 1255 2251 loquere
1270 2221 1285 2246 ,
1309 2188 1511 2252 james-

483 2279 549 2309 ses
584 2263 644 2308 ad
678 2262 851 2310 forum.

677 2357 706 2389 B
743 2356 779 2389 A
817 2357 847 2389 L
882 2357 912 2390 L
948 2357 970 2389 1
1006 2357 1054 2390 o.

227 2417 425 2465 Certum
435 2418 490 2465 ’st
507 2417 625 2464 mihi
645 2417 957 2463 emortualem
974 2415 1123 2462 facere
1139 2429 1198 2460 ex
1219 2414 1360 2460 natali
1385 2413 1476 2461 die.
