1630 2866
218 207 311 268 148
541 202 1187 253 PSEUDOLus.
1370 221 1498 269 v.74

571 326 597 358 C
635 326 669 358 A
706 326 738 359 L
773 325 795 358 1
831 326 867 359 D
906 325 940 360 Ο
976 326 1011 360 R
1045 326 1081 360 U
1118 326 1155 360 S.

213 389 408 435 Nihilne
440 396 488 432 te
519 386 615 432 mei
648 386 877 432 miseret?

665 476 694 507 Β
733 477 768 508 A
805 476 835 509 1,
871 476 902 509 1.
937 476 959 508 1
998 475 1049 508 ο.

653 534 811 580 Inanis
835 535 985 581 cedis:
1022 533 1147 580 dicta
1177 549 1279 581 non
1308 547 1492 584 sonant.

207 607 368 670 Atque
396 624 485 673 ego
515 618 564 653 te
590 608 754 654 vivom
786 611 1067 670 salvomque
1092 609 1280 656 vellem.

562 702 591 734 P
629 701 651 735 s
687 703 717 735 E
756 704 790 736 u
828 704 864 736 D
902 704 934 736 o
973 703 1003 736 1.
1041 702 1079 735 U
1113 701 1152 735 s.

829 764 967 821 Eho,
995 763 1170 827 anjam
1194 763 1493 810 mortuu’slt?

656 849 687 882 :B
725 849 760 883 A
794 849 826 882 L
861 849 893 882 Ι,
929 849 951 881 1
988 849 1038 882 ο.
1474 883 1480 889 ,

203 913 269 960 Ut
294 921 350 959 ut
374 923 467 958 est:
506 911 623 957 mihi
654 911 858 972 quidem
873 909 1092 972 profecto
1112 925 1226 957 cum
1241 910 1336 957 istis
1362 909 1495 957 dictis

454 995 651 1029 mortuu
670 984 738 1029 ’st.

200 1060 336 1105 Illico
370 1057 492 1104 vixit
526 1068 707 1102 amator
726 1090 740 1113 ,
777 1057 862 1102 ubi
891 1057 1058 1102 lenoni
1088 1057 1257 1117 placet.

199 1132 397 1193 Semper
430 1141 487 1176 tu
516 1128 577 1174 ad
607 1145 687 1175 rne
715 1145 828 1175 cum
859 1139 1098 1194 argentata
1123 1129 1337 1175 accedito
1369 1145 1489 1192 que-

458 1217 670 1250 rrmoma.

198 1277 324 1324 Nam
354 1276 500 1332 istoc,
538 1273 672 1335 quod
701 1286 831 1318 nunc
861 1273 1147 1330 lamentare,
1178 1288 1279 1318 non
1311 1288 1405 1319 esse
1422 1290 1489 1319 ar-

455 1359 659 1412 gentum
685 1346 804 1403 tibi,

196 1420 346 1484 Apud
374 1435 635 1467 novercam
668 1434 880 1479 querere.

555 1506 585 1539 P
622 1504 645 1538 S
681 1505 712 1537 E
752 1503 787 1536 U
822 1504 859 1537 D
895 1502 927 1537 O
965 1503 995 1536 L
1035 1502 1070 1535 U
1108 1501 1149 1537 S·

324 1565 463 1623 Eho,
494 1580 555 1610 an
585 1579 819 1625 umquam
846 1574 904 1608 tu
935 1562 1076 1626 hujus
1103 1562 1303 1624 nupsisti
1328 1561 1487 1625 patri?

648 1655 677 1687 Β
714 1653 750 1687 A
784 1654 814 1686 L
852 1654 883 1687 1.
917 1654 940 1687 1
976 1654 1026 1688 ο.

193 1716 276 1764 Dii
303 1715 471 1762 melius
501 1714 684 1761 faciant.

548 1801 578 1833 P
614 1800 637 1833 s
672 1799 704 1833 E
741 1798 778 1831 U
814 1800 850 1832 D
888 1799 921 1833 o
958 1799 990 1832 1.
1027 1799 1064 1832 U
1101 1798 1140 1832 s.

511 1861 602 1906 Fac
630 1860 754 1915 hoc,
785 1857 923 1918 quod
949 1869 996 1904 te
1029 1874 1274 1922 rogamus,
1308 1858 1486 1917 Balliog

191 1937 303 1984 Mea
333 1934 457 1992 fide,
494 1934 533 1979 si
546 1933 640 1979 isti
671 1931 894 1978 formidas
935 1932 1135 1979 credere.
1175 1948 1264 1996 ego
1301 1932 1353 1978 in
1388 1932 1480 1980 hoc

445 2006 608 2053 triduo

191 2080 291 2129 Aut
317 2092 441 2128 terra
468 2090 551 2125 aut
580 2079 700 2124 mari
729 2077 949 2124 alicunde
984 2078 1207 2125 evolvam·
1235 2077 1287 2124 id
1314 2091 1478 2142 argen-

448 2162 556 2197 tum
588 2149 694 2196 tibi.

644 2237 673 2269 B
714 2235 750 2270 A
783 2237 814 2270 L
848 2235 880 2269 L
915 2236 938 2270 1
976 2235 1026 2269 Ο.

180 2301 304 2349 Tibi
331 2317 419 2366 ego
451 2298 678 2347 credam?

544 2386 573 2419 P
610 2384 632 2417 s
669 2384 699 2416 Ε
736 2383 772 2416 U
807 2384 843 2416 D
881 2382 914 2416 o
948 2381 979 2415 1.
1017 2379 1052 2413 U
1091 2378 1132 2413 s.

515 2446 612 2491 Cur
642 2443 778 2490 non?
