1690 2872
305 162 400 220 ‘476
605 157 1252 206 TRINUMM-US.
1483 176 1575 220 v.3

308 263 529 310 Advenio
567 280 626 309 ex
661 262 898 322 Seleucia,
932 265 1236 324 Macedonia,
1270 265 1406 324 Asia,
1435 279 1579 328 atque

488 366 491 369 ,
561 336 753 394 Arabia,

308 408 441 477 Quas
464 425 550 472 ego
577 425 736 470 neque
754 411 926 468 oculis,
953 427 1111 472 neque
1127 410 1329 501 pedibus
1346 428 1579 472 umquam

565 483 784 544 usurpavi
814 484 942 529 meis.

305 550 474 597 Viden'
507 566 676 616 egestas
717 556 838 615 quid
878 556 1039 620 negoti
1086 555 1165 601 dat
1197 554 1379 600 homini
1410 555 1578 602 misero

554 627 688 673 mali!

303 697 405 766 Qui
432 713 518 760 ego
548 714 677 744 nunc
695 699 883 761 subigor
901 700 1048 746 trium
1069 715 1380 745 nummorum
1401 714 1577 770 caussa,

556 782 612 816 ut
638 772 716 816 has
750 772 962 833 epistolas

301 842 471 888 Dicam
495 845 554 890 ab
579 861 635 890 eo
669 846 866 891 homine
892 862 970 891 me
998 845 1249 906 accepisse,
1280 861 1428 906 quem
1457 861 1544 909 ego
1561 838 1595 903 ‚⁷

555 917 638 977 qui
670 919 726 963 sit
749 919 898 963 homo
914 952 928 975 ‚
957 918 1112 964 nescio
1128 953 1141 975 ‚
1163 948 1165 950 -

299 985 469 1047 Neque
484 990 622 1034 novi:
654 1006 813 1050 neque
831 1001 991 1047 natus,
1019 1005 1169 1036 necne
1187 990 1222 1035 is
1240 988 1381 1036 fuerit
1393 1024 1408 1048 ,
1428 989 1480 1035 id
1499 1005 1576 1048 so-

556 1067 654 1111 lide
687 1067 795 1111 scio.

661 1162 687 1193 c
727 1162 761 1194 Η
778 1187 780 1189 .
798 1160 831 1193 Α
867 1163 900 1195 R
935 1161 978 1193 M
1013 1161 1033 1192 1
1068 1161 1103 1192 D
1142 1159 1172 1192 E
1207 1159 1243 1191 s.

298 1219 385 1264 Pol
402 1219 477 1264 hic
495 1219 691 1279 quidem
721 1219 920 1282 fungino
947 1233 1116 1282 genere
1135 1227 1225 1275 est,
1251 1217 1403 1278 capite
1431 1233 1478 1263 se
1501 1227 1574 1263 to-

212 1350 224 1360 l
548 1302 656 1337 turn
689 1292 826 1356 tegit:

296 1363 484 1410 Illurica
498 1365 632 1411 facies
647 1365 838 1411 videtur
853 1364 1074 1414 hominis;
1096 1379 1152 1410 eo
1171 1374 1343 1410 ornatu
1357 1363 1564 1411 advenit.

290 1450 293 1452 ’
622 1457 644 1490 s
683 1456 718 1488 Y
753 1456 779 1488 c
817 1457 848 1488 o
886 1456 912 1489 Ρ
949 1457 983 1489 Η
1021 1455 1054 1489 A
1090 1458 1123 1489 N
1159 1457 1191 1490 T
1226 1456 1276 1490 A.

238 1550 243 1555 .
299 1515 386 1561 Ille
422 1516 506 1576 qui
539 1533 617 1562 me
649 1516 917 1574 conduxit,
952 1516 1038 1563 ubi
1075 1515 1333 1574 conduxit,
1373 1515 1572 1564 abduxit

549 1590 765 1636 domum.
865 1635 868 1637 .

296 1662 432 1731 Quae
451 1662 632 1719 voluit,
651 1662 767 1707 mihi
786 1661 926 1707 dixit:
959 1660 1124 1707 docuit
1137 1693 1150 1716 ‚
1167 1669 1214 1706 et
1229 1670 1574 1720 praemonstra-

547 1735 617 1779 vit
643 1734 771 1794 prius
787 1768 801 1790 ,

293 1806 558 1874 Quomodo
576 1806 794 1866 quidque
816 1819 1012 1866 agerem.
1051 1819 1181 1849 nunc
1206 1802 1354 1860 adeo,
1382 1803 1419 1848 si
1448 1803 1569 1864 quid

546 1894 632 1940 ego
658 1875 889 1921 addidero
921 1875 1119 1936 amplius
1138 1909 1152 1933 ‚

292 1949 363 1997 Eo
383 1950 650 1996 conductor
667 1948 834 1994 melius
852 1947 912 1992 de
930 1963 1007 1992 me
1030 1963 1173 2010 nugas
1191 1947 1525 1994 conciliaverit.

291 2021 358 2068 Ut
386 2023 463 2067 ille
486 2038 563 2067 me
588 2020 855 2076 exornavit,
874 2020 938 2065 ita
967 2035 1071 2065 sum
1095 2031 1296 2066 ornatus.
1322 2030 1568 2083 argentum

544 2095 636 2139 hoc
667 2092 788 2138 facit.

289 2158 394 2218 Ipse
425 2169 694 2203 ornamenta
718 2174 744 2201 a
772 2156 981 2219 Chorago
1015 2156 1129 2202 haec
1164 2153 1326 2200 sumsit
1362 2168 1448 2223 suo
1467 2167 1563 2213 pe-

541 2232 706 2277 riculo.

290 2303 430 2350 Nunc
469 2322 554 2368 ego
589 2305 624 2349 si
661 2315 833 2365 potero
871 2302 1159 2351 ornamentis
1191 2298 1436 2345 hominem
1475 2300 1561 2345 cir-

540 2377 826 2422 cumducere
844 2412 858 2434 ,
