1598 2814
157 164 250 214 με
415 105 1189 200 ARGUMENTUM

160 273 287 325 atque
311 260 435 305 rebus
457 258 649 304 omnibus
668 257 728 302 ad
728 255 948 321 fallacias
965 271 1008 305 et
1011 259 1202 324 fraudes
1221 261 1458 313 instructa:
1478 316 1482 321 ,

152 335 324 401 pellicit
348 335 393 378 in
414 348 599 377 amorem
626 333 696 376 sui
722 342 807 376 tres
829 330 1140 380 adolescentes:
1163 351 1296 382 unum
1329 336 1458 382 urba-

156 425 262 454 num
277 442 292 455 ,
321 422 442 469 quem
471 405 666 451 celeriter
689 407 887 468 conficit:
911 405 1096 452 alterum
1120 410 1356 459 rusticum,
1381 410 1460 473 qui

152 480 361 546 profusus
387 491 451 524 est
481 481 525 524 in
556 478 722 524 dando:
752 480 929 525 tertium
953 481 1166 547 militem.
1193 483 1315 548 cujus
1332 483 1460 529 stoli-

161 557 300 601 ditate
329 554 480 602 abuti,
507 564 551 598 et
578 569 700 615 quem
736 553 964 617 compilare
991 555 1191 618 cupiens,
1216 555 1396 603 simulat
1410 572 1458 602 se

164 648 219 677 ex
252 632 339 695 ipso
375 644 460 674 esse
478 627 712 690 gravidam
726 645 740 671 .·
768 639 811 672 et
833 627 910 673 lzoc
924 628 1159 692 persuadet
1186 628 1371 676 credulo.
1397 628 1459 691 Ut

160 707 275 752 enim
301 704 376 749 lzoc
390 720 529 765 genus
543 701 833 766 fastuosum,
861 703 927 747 ita
945 714 988 748 et
1004 702 1208 748 stolidum
1237 714 1316 748 est.
1344 701 1459 750 Erat

159 779 322 824 rustico
339 793 483 823 servus
510 776 714 824 immitis,
747 786 790 820 et
815 777 885 821 cui
903 775 1061 822 doleret
1080 777 1294 840 corrumpi
1302 775 1466 840 filium-

162 852 361 897 herilem:
380 850 457 895 secl
472 861 514 894 et
531 849 605 894 ille
624 861 766 895 tamen
783 861 1003 898 mutatur,
1024 861 1066 896 et
1084 849 1240 895 desinit
1256 865 1344 899 esse
1361 852 1462 896 sae}-

162 943 241 991 vus
257 942 331 970 seu
350 924 674 973 truculentus;
710 941 811 970 nam
840 923 940 969 hinc
967 939 1118 970 nomen
1125 921 1316 987 fabulae
1343 921 1485 970 indi-.

164 1011 257 1044 tum
279 1010 354 1043 est.
385 997 444 1043 Ut
465 1009 608 1043 autem
631 1000 774 1043 minus
790 998 972 1061 simplex
993 1007 1296 1059 argumentum
1324 1006 1459 1044 esset.

162 1073 370 1118 inseritur
396 1082 438 1115 et
461 1072 646 1130 virginis
668 1082 893 1134 stuprum,
920 1085 1180 1134 compressae
1197 1086 1280 1134 per
1294 1071 1381 1116 vim
1404 1067 1461 1114 ab

164 1146 328 1192 urbano
343 1162 357 1188 :
387 1160 495 1207 quae
525 1160 619 1188 cum
643 1144 828 1206 filiolum
839 1145 1098 1207 peperisset,
1117 1141 1230 1188 hunc
1247 1143 1457 1188 meretrix

162 1219 246 1264 sibi
259 1218 479 1282 supposuit
497 1217 680 1261 allatum
699 1233 727 1261 a
751 1217 966 1260 tonstrice.
985 1215 1051 1260 Ac
1072 1230 1119 1259 re
1133 1214 1286 1279 palam
1294 1212 1460 1278 factm

163 1293 286 1352 virgo
307 1289 466 1334 urbano
482 1288 625 1335 nubit,
646 1299 688 1333 et
706 1288 778 1333 ille
797 1305 824 1333 a
839 1288 1064 1333 meretrice
1075 1304 1259 1352 puerum
1275 1288 1458 1353 repetit.

165 1380 219 1408 ac
239 1378 400 1407 amores
422 1361 495 1406 lzos
514 1361 730 1423 relinquit.
756 1361 832 1406 Ita
850 1362 1007 1406 retinet
1021 1362 1230 1408 meretrix
1239 1372 1328 1427 par
1339 1376 1460 1405 ama-

164 1449 334 1483 torum,
351 1436 561 1479 rusticum
579 1451 630 1479 ac
654 1434 862 1478 militem:
894 1434 999 1479 etin
1021 1432 1282 1498 ludificando
1311 1431 1460 1487 ache-
1512 1436 1517 1438 ’

164 1507 384 1574 spoliando
401 1507 538 1551 milite
556 1506 731 1551 delicias
741 1504 880 1568 facit.
910 1503 1088 1548 Fabula
1121 1500 1458 1566 habet-*formam

164 1601 310 1630 eorum
327 1585 601 1648 poematum,
629 1598 736 1644 quae
757 1577 917 1645 μίμους
943 1580 1174 1646 appellant.
1205 1578 1288 1626 Est
1307 1591 1463 1626 autem

164 1661 233 1705 ita
267 1657 501 1720 depravata
532 1666 574 1700 et
607 1666 807 1718 corrupta
837 1672 865 1699 a
902 1654 1123 1702 librariis,
1150 1663 1206 1713 ¹ut
1234 1653 1460 1717 aliquoties

155 1731 305 1797 fuerit
339 1728 446 1774 milii
480 1730 523 1774 in
554 1729 726 1775 animo,
765 1744 831 1772 me
852 1726 1067 1772 editurum
1093 1741 1176 1772 non
1208 1741 1295 1799 esse
1319 1720 1460 1772 illam.

167 1807 286 1852 Scite
311 1820 438 1851 vero,
468 1815 539 1850 et,
567 1814 616 1847 ut
632 1801 820 1846 Plautus
844 1802 1055 1863 loquitur‘
1079 1801 1207 1845 nimis
1236 1798 1460 1862 graphice

170 1871 371 1941 expressa
389 1887 452 1934 est
479 1876 656 1922 levitas,
678 1886 719 1919 et
743 1874 915 1919 malitia
942 1886 984 1918 et
993 1871 1308 1937 fraudulentia
1322 1880 1460 1918 mere-⁴
1486 1887 1491 1889 ’

165 1953 327 2009 4τνιέἰα,·
362 1960 405 1994 et
428 1961 681 2013 quantopere
709 1947 921 2012 desipiant
954 1948 997 1991 in
1031 1961 1170 1991 amore
1196 1955 1239 1990 et
1256 1944 1460 2010 volupta-

171 2037 262 2070 tum
278 2023 486 2069 illecebris
501 2022 712 2086 simplices
722 2039 739 2068 ,·
758 2034 800 2066 et
815 2021 928 2085 quod
947 2023 1027 2066 isto
1042 2036 1199 2088 genere
1215 2019 1456 2086 hominum.

167 2097 281 2160 quod
296 2113 339 2141 se
346 2096 537 2160 primum
553 2111 638 2139 esse
654 2096 773 2143 vult,
796 2107 838 2139 et
852 2096 1028 2142 virtutis
1047 2111 1098 2140 ac
1120 2092 1456 2155 dignitati-flios·-

169 2172 391 2216 sessionem
405 2169 623 2232 propriam
643 2185 729 2213 esse
749 2168 893 2217 ducit,
914 2168 1027 2214 nihil
1041 2184 1087 2213 re
1106 2169 1198 2232 ipsa
1205 2165 1454 2230 plerumque

170 2245 230 2287 sit
256 2243 430 2290 vanius,
460 2258 590 2305 neque
604 2241 805 2306 futilius.
