1630 2866
204 142 294 187 402
606 126 1085 180 STICHUS.
1182 107 1249 162 Α·
1363 153 1492 198 v.42

207 233 330 280 Nam
366 234 443 280 hic
473 234 675 295 quidem
701 236 952 284 meliorem
978 239 1189 288 Genium
1224 254 1365 291 tuum
1391 261 1495 293 non

457 306 607 353 facies.
645 325 839 369 eamus,
872 323 938 357 tu.

462 399 1246 443 PAMPHILIPPUS.

202 466 330 514 Deos
371 467 585 515 salutabo
627 469 780 516 modo
798 506 812 530 ,
856 482 1024 534 postea·
1065 473 1127 520 ad
1170 488 1218 522 te
1259 478 1493 527 continuo

457 551 658 589 transeo.

557 628 590 662 G
631 628 662 662 E
700 628 732 661 1.
768 628 804 662 A
840 629 863 663 S
898 630 920 664 1
956 630 1000 663 M
1036 630 1072 664 U
1108 631 1146 666 S.

202 684 343 754 Quid
369 687 547 752 igitur?

299 794 302 797 ⁴
556 774 588 808 E
624 774 653 808 P
691 775 713 808 1
749 772 783 808 G
818 776 852 809 N
891 775 924 813 Ο
961 775 1005 810 Μ
1040 776 1077 810 U
1114 776 1153 812 S.

389 843 507 892 Dixi
532 846 789 908 equidem,
817 847 870 893 in
903 863 1138 895 carcerem
1160 848 1258 896 ires.

561 949 596 984 G
631 952 662 985 Ε
699 951 730 985 L
765 952 802 985 A
838 952 862 987 s
898 953 920 986 1
954 953 997 986 M
1034 952 1069 986 U
1107 953 1148 987 s.

1125 1011 1262 1080 Quin
1284 1010 1495 1077 jusseris3

195 1072 267 1120 Eo
300 1089 500 1134 quoque
528 1074 643 1120 ibo.·

550 1167 581 1200 E
619 1167 648 1200 P
687 1166 709 1199 1
743 1165 781 1202 G
816 1167 850 1199 N
889 1165 922 1199 Ο
961 1164 1005 1200 Μ
1042 1166 1079 1199 U
1116 1166 1153 1201 S.

255 1233 337 1280 Dii
354 1235 453 1280 inm
461 1234 645 1281 ortales!
665 1233 740 1280 hic
755 1232 954 1295 quidem
974 1234 1025 1279 in
1047 1249 1283 1281 summam
1299 1249 1491 1282 crucem

204 1308 366 1355 Coena
394 1320 477 1354 aut
502 1307 707 1370 prandio
737 1307 943 1369 perduci
964 1318 1137 1369 potest.

563 1406 597 1442 G
631 1410 662 1442 E
697 1408 728 1442 L
766 1408 803 1441 A
839 1407 861 1442 S
899 1408 920 1441 1
957 1408 1001 1441 M
1036 1407 1074 1441 U
1108 1405 1147 1442 S.

860 1478 963 1524 Ita
952 1478 1199 1543 ingenium
1217 1493 1384 1524 meum
1406 1475 1487 1528 ’;st

200 1536 486 1622 Quicumvis
517 1551 745 1617 depugno
772 1553 929 1599 multo
959 1551 1163 1611 facilius,
1193 1568 1339 1614 quam
1369 1567 1484 1599 cum

454 1627 617 1674 Fame.

466 1719 1241 1756 PAMPHILIPPUs.

202 1786 315 1835 Non
357 1804 469 1854 ergo
492 1788 528 1833 is
559 1787 647 1833 tu?
669 1782 799 1850 apud
820 1804 899 1833 me
917 1788 1021 1834 satis
1043 1797 1246 1850 spectata
1267 1798 1335 1833 est
1364 1786 1487 1833 mihi

447 1862 548 1925 jam
573 1870 656 1907 tua
683 1860 896 1907 felicitas.

198 1932 334 1980 Dum
360 1934 581 1994 parasitus
606 1933 725 1978 mihi
748 1944 894 1994 atque
920 1931 1047 1978 fratri
1079 1929 1228 1990 fuisti,
1247 1947 1348 1979 rem
1367 1945 1485 1978 con-

461 2005 695 2069 fregimus.

199 2071 342 2118 Nunc
376 2088 463 2136 ego
499 2071 615 2117 nolo
648 2087 674 2116 e
710 2070 947 2118 Gelasimo
980 2070 1100 2118 mihi
1133 2080 1182 2116 te
1211 2066 1483 2134 Catagelasi-

450 2162 603 2191 mum.
711 2201 713 2203 ι

557 2240 590 2273 G
627 2238 658 2271 Ε
695 2239 726 2273 L
762 2239 796 2272 A
834 2238 857 2273 s
892 2239 914 2272 1
950 2239 995 2272 M
1031 2238 1068 2272 U
1104 2237 1140 2272 s.

201 2297 371 2356 Jamne
395 2298 567 2346 abisti?
593 2298 854 2360 Gelasime‘,
883 2299 1020 2358 vide,
1047 2295 1166 2360 quid
1192 2310 1237 2342 es
1263 2303 1481 2357 capturus

446 2374 625 2420 consili.

1626 2765 1630 2775 -
1617 2453 1630 2710 ,⁴⁴1:;.—·..'44;.2-2-
1624 2419 1630 2423 r
1624 2291 1630 2364 ..ᾲᾼ-
