1630 2866
88 194 215 253 v.78
342 188 629 240 ACTUS
676 188 775 237 IV.
831 187 940 236 SC.
989 186 1130 236 v11.
1275 198 1373 246 219

538 307 568 340 Β
605 305 640 339 A
676 304 708 337 L
742 303 775 338 Ι.
809 303 831 336 1
868 303 918 337 o.

1017 355 1273 424 Quotumo
1294 353 1375 400 die

91 426 166 475 Ex
186 425 391 492 Sicyone
422 426 518 472 huc
546 422 799 487 pervenisti
814 422 838 468 Ρ

538 522 575 555 Η
610 522 647 556 A
680 522 715 555 R
748 521 777 554 P
811 520 847 554 A
883 520 935 554 x.

832 580 997 628 Altero
1025 580 1087 627 ad
1108 579 1371 627 meridiem.

538 673 568 707 Β
604 675 640 708 A
674 674 706 708 1.
740 675 775 709 1¹
806 674 829 707 1
864 675 910 708 o.

92 730 293 779 Strenue
325 732 561 779 mehercle
593 733 696 780 iisti.
732 732 949 794 quamvis
983 732 1157 795 pernix
1184 732 1260 778 hic
1295 742 1364 777 eet

346 805 511 852 homo.

93 877 189 925 Ubi
214 895 369 925 suram
398 878 610 941 aspicias,
640 878 751 925 scias
776 895 912 941 posse
938 894 1052 925 eum
1073 895 1230 944 gerere
1249 895 1368 926 cras-

311 1000 314 1002 ,
344 968 410 997 sas
442 950 690 1013 conpedes.

94 1025 233 1096 Quid
259 1025 355 1072 ais?
385 1036 504 1072 tune
529 1025 673 1072 etiam
699 1024 913 1072 cubitare
938 1025 1101 1072 solitus
1129 1041 1175 1071 es
1200 1024 1252 1069 in
1284 1038 1369 1069 cu·-

343 1095 414 1142 nis
442 1095 600 1157 puer?

612 1179 636 1214 S
671 1179 695 1212 1
729 1179 774 1214 M
810 1178 860 1213 Ο.

92 1233 288 1283 Scilicet.

542 1310 574 1343 n
608 1310 646 1344 A
680 1309 713 1344 1.
746 1310 778 1345 1.
812 1311 836 1344 1
873 1310 923 1344 0.

217 1371 436 1419 Etiamne
451 1369 601 1416 facere
615 1371 778 1416 solitus
797 1371 875 1418 es?
896 1370 1006 1417 scin'
1024 1369 1148 1432 quid
1168 1369 1368 1431 loquar?

38 1499 43 1504 ⁸
609 1464 634 1497 s
666 1465 691 1498 1
726 1465 771 1499 M
808 1466 858 1499 ο.

97 1523 283 1574 Scilicet
304 1525 499 1571 solitum
529 1540 638 1569 esse.

548 1619 585 1651 Η
619 1618 656 1652 A
691 1619 726 1651 R
759 1617 790 1650 1²
824 1617 860 1650 A
893 1617 943 1652 x.

510 1687 685 1735 Sanine
719 1687 857 1735 estiss?

546 1783 577 1815 Β
615 1782 651 1816 A
685 1782 717 1815 Ι,
754 1783 786 1816 1.
819 1782 841 1814 1
879 1783 926 1816 o.

695 1842 832 1913 Quid
856 1843 977 1899 hoc,
1005 1840 1139 1903 quod
1161 1852 1209 1887 te
1229 1841 1378 1905 rogo?

98 1915 259 1962 Noctu
289 1915 342 1961 in
372 1916 579 1981 vigiliam
612 1916 811 1977 quando
845 1917 943 1964 ibat
977 1916 1112 1962 miles
1130 1950 1145 1974 ,
1179 1926 1288 1961 tum
1323 1926 1380 1960 tu

351 1986 448 2034 ibas
478 1989 617 2035 simul
631 1988 655 2035 Ρ

99 2050 491 2109 Conveniebatne
517 2061 570 2107 in
602 2061 821 2125 vaginam
851 2070 987 2108 tuam
1014 2059 1255 2107 machaera
1282 2060 1374 2115 rni-¹

351 2133 480 2179 litis?

547 2209 584 2243 11
617 2210 653 2243 A
686 2213 721 2246 R
756 2211 785 2244 1²
820 2210 857 2244 A
890 2210 943 2245 X.

104 2273 132 2318 1
163 2272 215 2319 in
238 2273 412 2320 malam
442 2285 643 2317 crucem.

554 2363 584 2394 B
620 2363 656 2395 A
689 2362 720 2396 L
753 2362 786 2396 1.
824 2363 847 2395 1
882 2363 928 2396 o.

446 2425 520 2471 Ire
536 2425 698 2473 licebit
713 2423 805 2472 tibi
822 2434 984 2472 tamen
1002 2423 1151 2472 hodie
1168 2423 1386 2487 tempori.
