1690 2872
302 138 400 226 474
625 163 1280 213 TRINUMMUS.
1482 179 1576 214 v.1

604 369 1057 428 ACTUS
1134 372 1278 443 IV.

727 513 1055 563 SGENA
1119 517 1200 580 1.-

663 675 1252 713 CHARMIDES.

304 726 813 839 SALsrro’rENTI
848 804 896 839 et
932 795 1263 857 multipotenti
1287 795 1419 855 Jovis
1455 796 1582 857 fratri

563 866 792 928 Neptuno
810 902 824 925 ,
855 878 903 913 et
925 867 1064 915 Nerei

304 941 500 999 Laetus,
530 942 702 987 lubens
718 976 731 999 ,
761 941 921 987 laudes
945 958 1058 1005 ago,
1082 953 1130 988 et
1153 953 1298 1007 grates
1319 944 1580 1008 gratiasque

556 1014 733 1070 habeo,
764 1025 810 1059 et
838 1013 1060 1060 fluctibus
1087 1015 1205 1060 salsis
1222 1049 1238 1072 ,

304 1088 441 1158 Quos
467 1102 612 1148 penes
642 1086 736 1131 mei
767 1095 969 1146 potestas
988 1118 1003 1141 ,
1050 1085 1186 1154 bonis
1216 1085 1333 1131 meis
1366 1085 1487 1146 quid
1513 1085 1588 1131 fo·-

555 1170 626 1203 ret
643 1191 658 1214 ,
690 1169 737 1203 et
771 1174 902 1203 meae
930 1168 1074 1203 Vltae:

303 1234 473 1301 Quom
497 1231 585 1277 suis
605 1248 683 1276 me
707 1247 767 1276 ex
784 1224 894 1276 locis*
913 1231 963 1275 in
991 1231 1190 1292 patriam
1207 1231 1435 1293 urbisque
1450 1248 1586 1279 moe-

560 1304 637 1351 nia
663 1295 888 1349 reducem
916 1303 1106 1350 faciunt.

304 1378 467 1440 Atque
498 1395 584 1442 ego
602 1413 614 1435 ,
649 1378 904 1439 Neptune,
935 1378 1023 1423 tibi
1055 1389 1164 1424 ante
1189 1379 1302 1426 alios
1328 1379 1456 1426 Deos
1487 1396 1587 1444 gra-

559 1453 641 1498 tias
676 1468 761 1515 ago
792 1463 935 1512 atque
963 1452 1118 1498 habeo
1149 1468 1362 1500 summas.

306 1527 428 1572 Nam
447 1538 494 1574 te
514 1541 677 1572 omnes
695 1540 980 1585 saevomque
997 1541 1308 1586 severumque
1325 1537 1468 1588 atque
1485 1526 1584 1574 avi-

559 1598 627 1643 dis
667 1596 876 1643 moribus
901 1608 1291 1655 conmemorant,

308 1671 622 1735 Spurcificum
636 1705 649 1727 ,
668 1670 911 1715 inmanem
922 1703 936 1726 ,
952 1669 1305 1716 intolerandum
1315 1705 1329 1728 ,
1343 1686 1586 1718 vesanum.

568 1754 729 1791 contra
758 1757 899 1803 opera
927 1752 1173 1802 expertus:
1358 1795 1361 1798 ,

307 1819 430 1865 Nam
447 1820 530 1881 pol
548 1817 735 1879 placido
753 1828 800 1861 te
817 1826 864 1860 et
879 1814 1099 1860 clementi
1114 1831 1225 1860 meo
1240 1830 1391 1876 usque
1406 1814 1555 1862 modo
1570 1848 1587 1873 ,

562 1904 617 1938 ut
638 1891 798 1946 volui,
822 1906 931 1934 usus
949 1906 1054 1935 sum
1075 1889 1126 1935 in
1143 1891 1255 1936 alto.

308 1968 469 2028 Atque
498 1968 617 2012 hanc
647 1976 777 2012 tuam
803 1962 995 2026 gloriam
1017 1965 1117 2026 jam
1145 1975 1252 2008 ante
1285 1963 1474 2009 auribus
1505 1975 1580 2006 ac-
1632 1988 1635 1989 ν

561 2053 773 2099 ceperam
795 2069 808 2091 ,
841 2045 887 2080 et
910 2034 1092 2081 nobiles
1114 2034 1244 2096 apud
1265 2034 1505 2086 homineS,

310 2111 596 2171 Pauperibus
622 2120 669 2154 te
697 2122 885 2168 parcere
913 2107 1106 2153 solitum
1123 2141 1138 2164 ,
1167 2106 1333 2155 divites
1356 2105 1578 2151 damnare

562 2196 705 2245 atque
734 2182 942 2227 domare.
1465 2170 1470 2175 ’

311 2259 428 2315 Abi,
454 2258 610 2305 laudo.
641 2257 723 2304 scis
751 2255 942 2312 ordine,
969 2265 1024 2301 ut
1050 2270 1256 2315 aequom
1283 2253 1366 2308 ’st,

314 2330 529 2376 Tractare
558 2331 787 2376 homines.
813 2328 905 2373 hoc
935 2327 1035 2373 Diis
1064 2326 1262 2389 dignum
1287 2324 1340 2368 ’st
1357 2355 1371 2380 ,
1401 2335 1583 2382 semper

567 2402 795 2448 mendicis
823 2400 1028 2447 modesti
1059 2399 1161 2444 sint.

1683 2063 1690 2141 i
