1630 2866
69 181 203 234 v.16
355 178 645 228 ACTUS
695 178 795 227 IV.
845 178 943 229 SC.
995 180 1093 228 IV.
1257 187 1355 236 907

69 289 170 336 Cor
197 286 436 352 conligatis
461 285 576 333 vasis
604 294 843 346 exspectat
876 299 1041 329 meum
1059 317 1076 340 ,

70 361 122 409 Si
146 375 247 407 non
276 359 447 405 educat
472 357 724 410 'mulierem
755 371 914 401 secum
943 354 1115 411 simul,

70 432 138 480 Ut
167 433 433 478 exsulatum
468 446 528 475 ex
555 439 748 491 pectore
783 425 991 490 aufugiat
1016 441 1140 471 meo.

69 505 239 560 Meter
261 521 392 551 sum:
424 503 515 551 vici
541 514 702 549 cautos
722 501 940 547 custodes
973 515 1118 547 meos·

464 686 793 735 SCENA
867 689 978 735 IV.

191 837 538 875 SIMIA,
606 837 1238 874 PSEUDOLUS.

478 971 926 1021 ‘srmrm'

72 1049 211 1161 NE
237 1113 392 1174 plora:
421 1111 567 1158 nescis
600 1123 655 1159 ut
679 1129 749 1159 res
782 1113 867 1171 sit,
899 1113 1241 1174 Phoenicium,

75 1186 261 1235 Verum
288 1186 420 1232 haud
446 1187 602 1233 multo
632 1199 741 1249 post
769 1186 878 1234 faxo
907 1189 1042 1235 scibis
1069 1191 1311 1237 accubans.

74 1261 190 1308 Non
216 1277 304 1326 ego
329 1272 378 1307 te
411 1260 472 1308 ad
500 1261 639 1306 illum
671 1260 797 1307 duco
833 1261 1082 1309 dentatum
1116 1264 1274 1310 virum

77 1335 493 1383 Macedoniensem
515 1370 530 1394 ,
560 1336 644 1396 qui
672 1347 721 1382 te
757 1353 888 1383 nunc
923 1337 1120 1384 flentem
1149 1338 1271 1385 facit.

74 1410 286 1478 Quojam
307 1426 400 1455 esse
427 1421 476 1454 te
500 1409 568 1455 vis
593 1425 844 1466 maxume,
871 1409 932 1455 ad
954 1427 1069 1457 eum
1094 1411 1221 1457 duco
1246 1424 1315 1458 te:

41 1501 45 1506 ’
76 1481 351 1528 Calidorum
375 1479 503 1525 haud
526 1481 682 1524 multo
708 1491 818 1541 post
843 1480 952 1527 faxo
977 1485 1317 1544 amplexabere.

430 1579 459 1611 Ρ
494 1577 517 1610 s
553 1578 583 1610 E
622 1578 658 1611 U
695 1579 731 1611 D
768 1579 799 1612 o
837 1580 868 1612 L
906 1581 939 1613 U
975 1581 1012 1614 s.

79 1645 219 1714 Quid
252 1658 308 1692 tu
347 1647 475 1692 intus
513 1662 687 1707 quaeso
723 1645 975 1693 desedisti?
1008 1664 1153 1709 quam
1184 1650 1270 1695 diu

77 1718 199 1764 Mihi
229 1734 307 1764 cor
335 1730 583 1764 retunsum
602 1717 657 1762 ’st
685 1719 1016 1782 oppugnando
1050 1722 1269 1781 pectore!

563 1823 586 1856 s
625 1823 647 1855 1
682 1822 725 1854 M
759 1824 779 1856 1
816 1825 866 1858 A.

74 1891 388 1938 Occasionem
422 1890 629 1952 reperisti
643 1925 657 1947 ,
683 1892 887 1938 verbero
906 1928 920 1951 ,

78 1962 177 2009 Ubi
201 1962 486 2023 perconteris
513 1979 592 2007 me
614 1963 789 2015 insidiis
821 1965 1068 2013 hostilibus
1088 1986 1099 2012 :

82 2031 222 2100 Quin
251 2030 362 2076 hinc
387 2030 612 2076 metimur
645 2031 863 2096 gradibus
892 2036 1153 2083 militariis?

0 2103 2 2118 ¹
438 2132 524 2177 1³‚s
559 2133 590 2166 E
626 2133 662 2165 u
699 2135 734 2167 D
773 2137 806 2169 o
843 2138 874 2170 1.
909 2138 943 2170 u
979 2138 1015 2171 s,

83 2192 245 2256 Atque
281 2193 488 2254 edepol,
527 2209 820 2254 quamquam
853 2213 1064 2258 nequam
1094 2201 1244 2247 homo
1275 2219 1322 2248 es
1339 2235 1356 2262 ,

336 2278 461 2312 recte
488 2282 664 2311 mones.

87 2340 160 2387 Ite
185 2341 272 2388 hac
293 2341 526 2402 triumphi
556 2341 619 2386 ad
647 2340 925 2388 cantharum
950 2354 1074 2390 recta
1097 2345 1187 2390 via.
