1630 2866
163 171 261 216 v.8‘
474 171 768 223 ACTUS
818 175 877 224 V.
928 176 1032 226 SC.
1081 180 1156 227 II.
1353 197 1442 246 229

682 295 705 329 s
744 297 762 330 1
799 297 843 330 M
878 299 927 332 o.

163 351 305 422 Quae
331 353 415 400 ista
442 353 556 401 haec
586 355 778 403 audacia
804 367 897 415 est,
922 369 971 405 te
996 360 1058 405 sic
1074 360 1303 409 interdius
1329 379 1443 411 cum

580 431 758 476 corolla
787 431 972 478 ebrium
1004 434 1225 482 incedere
1242 437 1264 482 Ρ

513 531 1100 570 PSEUDOLUS.

1265 590 1436 638 Lubet.

668 662 692 695 s
726 665 745 697 1
779 665 822 697 M
861 665 910 698 o.

152 724 289 795 Quid
316 725 490 772 lubet?
517 728 693 791 pergin’
714 741 895 777 ructare
915 732 964 776 in
992 749 1042 778 os
1070 733 1225 780 mihi?

510 829 539 862 P
578 829 615 862 s.
640 831 669 863 E
707 831 741 864 U
777 832 813 864 D
851 833 884 866 o
921 833 953 866 L
991 834 1026 867 u
1064 833 1098 867 s.

375 895 537 944 Suavis
557 912 718 946 ructus
736 901 854 946 mihi
873 913 963 951 esu
993 903 1055 949 sic
1072 903 1192 949 sine:
1226 905 1240 949 i
1266 905 1430 951 modo,

661 992 684 1026 s
714 994 741 1026 ⁴1
777 994 821 1027 M
858 995 902 1028 ο.

149 1056 304 1104 Credo
332 1058 558 1120 equidem
586 1071 770 1121 potesse
795 1072 870 1120 te,
897 1065 1069 1121 scelus,
1090 1065 1267 1112 Massici
1288 1083 1433 1113 mon-

395 1132 453 1178 tis
482 1132 764 1180 uberrumos
795 1147 1006 1197 quatuor

142 1200 339 1250 Fructus
368 1203 560 1250 ebibere
587 1205 636 1249 in
667 1206 781 1252 hora
810 1223 918 1253 una.

494 1298 524 1330 P
561 1298 584 1333 S
623 1298 654 1332 E
691 1299 726 1332 U
763 1301 799 1333 D
838 1302 870 1334 Ο
909 1301 940 1335 L
980 1303 1015 1336 U
1051 1303 1091 1337 S.

623 1353 633 1383 s
681 1366 918 1426 Hiberna,
949 1371 1130 1418 addito.-

670 1463 918 1500 SIMO.

908 1527 1054 1574 Haud
1078 1532 1200 1576 male
1229 1549 1414 1579 mones:

139 1583 234 1633 Sed
262 1587 338 1635 dic
364 1599 549 1649 tamen,
571 1591 701 1638 unde
731 1607 947 1642 onustam
974 1600 1184 1646 celocem
1204 1619 1336 1666 agere
1366 1617 1415 1651 te

730 1668 1034 1728 praedicem?

494 1763 523 1796 P
561 1763 584 1798 S
620 1764 650 1797 E
687 1765 723 1798 U
757 1768 794 1800 D
829 1768 862 1801 Ο
896 1768 927 1801 L
963 1770 1000 1803 U
1036 1770 1073 1804 S.

1042 1837 1167 1886 Cum
1197 1851 1283 1888 tuo
1315 1844 1413 1890 filio

135 1899 384 1961 Perpotavi
417 1903 580 1950 modo,
624 1906 736 1964 sed,
776 1905 908 1954 Simo
929 1943 944 1967 ,
986 1921 1042 1955 ut
1076 1913 1227 1972 probe
1263 1927 1414 1964 tactus

385 1973 531 2021 Ballio
561 1979 655 2024 est!
689 1997 821 2041 quae·
842 1983 932 2029 tibi
967 1983 1068 2029 dixi
1084 2019 1099 2042 ‚
1132 1998 1189 2032 ut

134 2042 312 2092 Effecta
340 2045 558 2093 reddidi!-
926 2113 933 2118 ‘

651 2128 674 2162 S
711 2129 732 2161 I
769 2130 812 2163 M
849 2131 896 2163 Ο.

383 2192 618 2241 Derides?
643 2213 885 2257 pessumus
917 2200 1067 2248 homo
1097 2215 1175 2249 est.

487 2290 515 2322 P
552 2289 575 2323 s
611 2290 642 2322 E
678 2290 713 2323 U
748 2291 784 2324 D
826 2292 858 2324 o
898 2293 928 2326 1.
966 2294 1002 2326 U
1038 2295 1073 2328 s.

151 2364 163 2373 ,
826 2376 833 2383 .
1089 2345 1262 2394 Mulier
1291 2350 1406 2398 haec

128 2398 237 2448 Feci
259 2417 373 2450 cum
402 2414 489 2451 tuo
514 2405 614 2451 filio
642 2405 789 2454 libera
818 2409 1032 2457 accubet.

1084 2484 1181 2549 P3
