1630 2866
251 159 320 214 72·
518 149 1171 229 .POENU'L1J‘S.
1399 166 1536 219 ψῃ·

676 273 718 306 Μ
755 274 774 305 1
811 273 840 306 1.
878 274 906 306 Ρ
943 275 978 308 Η
1012 277 1033 309 1
1071 278 1122 310 ο.

253 331 376 382 Scin’
403 329 460 380 tu
488 335 662 381 herum
689 346 830 381 tuum
862 352 975 383 meo
1009 339 1132 385 hero-
1159 348 1259 385 eSse‘
1284 340 1532 390 inimicum

1093 411 1371 474 capitalem?

547 500 1259 539 SYNCERASTUS.

498 559 503 562 '
1411 557 1531 606 Scio.

675 631 720 666 M
757 632 779 665 I
813 632 844 665 L
883 634 910 667 P
947 634 982 667 H
1017 634 1039 666 Ι
1075 635 1123 668 Ο.

255 688 454 752 Propter
480 707 706 739 amorem.

549 794 1266 830 SYNCERASTUS.

449 854 664 902 Omnem
682 872 876 916 operam
894 856 1062 918 perdis.

670 955 714 988 M
749 956 771 989 1
804 955 836 990 Ι.
873 956 903 988 P
938 956 972 988 Η
1009 956 1029 987 1
1071 956 1119 989 o.

937 1013 1076 1082 Quid
1097 1013 1231 1077 jam?

546 1106 1255 1144 SYN'CERASTUS.

955 1199 958 1201 Δ
999 1171 1129 1241 Quia
1153 1171 1355 1219 doctum
1378 1173 1533 1221 doces.

670 1257 714 1290 M
750 1256 769 1288 1
806 1256 836 1288 L
875 1256 903 1289 P
938 1255 971 1289 Η
1007 1255 1026 1288 1
1065 1257 1110 1289 o.

255 1310 390 1385 Quid
409 1332 519 1380 ergo
546 1316 757 1371 dubitas,
781 1316 900 1376 quin
917 1316 1139 1363 lubenter
1163 1328 1249 1363 tuo
1266 1317 1380 1363 hero
1399 1334 1533 1365 meus

508 1389 644 1449 quod
668 1389 840 1450 possiet
1530 1407 1532 1410 ·

253 1459 448 1518 Facere,
480 1460 630 1507 faciat
641 1462 791 1518 male,
825 1462 925 1525 ejus
945 1460 1151 1508 merito?
1172 1472 1280 1509 tum
1306 1474 1468 1510 autem
1493 1463 1531 1510 si

507 1535 629 1595 quid
659 1546 714 1580 tu
744 1535 965 1598 adjuvas,

254 1606 327 1653 Eo
358 1606 533 1653 facilius
562 1608 739 1669 poterit
767 1607 927 1655 facere.

546 1707 568 1741 s
605 1709 636 1740 Y
675 1709 708 1741 N
747 1709 774 1741 c
813 1709 842 1741 Ε
880 1710 912 1743 R
950 1709 982 1742 A
1023 1708 1045 1742 s
1083 1708 1114 1741 T
1151 1707 1187 1740 U
1223 1707 1263 1742 s.

769 1767 834 1813 At
854 1784 940 1831 ego
970 1770 1061 1814 hoc
1088 1779 1282 1826 metuo,
1314 1765 1534 1830 Milphibi

672 1865 714 1897 M
750 1867 771 1898 1
806 1864 836 1898 L
868 1867 895 1899 P
933 1867 967 1899 H
1002 1868 1022 1901 1
1061 1867 1110 1900 ο.

249 1923 386 1993 Quid
413 1935 479 1971 est
505 1925 642 1985 quod
660 1936 840 1972 metuas
853 1926 885 1972 ἓ.

542 1999 1249 2061 εΥῂοΕΒΑε-Γυε.

403 2092 537 2139 Dum
556 2094 670 2140 hero
691 2093 872 2139 insidias
891 2105 1053 2155 parem
1066 2128 1079 2152 ,
1102 2110 1164 2141 ne
1182 2111 1208 2140 a
1225 2088 1526 2156 te²perdeam.

247 2156 296 2208 Si
312 2162 448 2209 herus
475 2181 609 2211 meus
635 2182 715 2211 me
739 2182 831 2212 esse
856 2167 1085 2212 locutum‘
1100 2168 1366 2228 quoiquam
1394 2182 1524 2212 mor-

507 2241 587 2285 tali
617 2241 751 2297 sciat,
1274 2232 1279 2234 ’
1415 2231 1419 2234 ’
1448 2235 1454 2240 ’

249 2306 493 2358 Continuo
522 2312 557 2357 is
586 2329 666 2359 me
696 2329 756 2359 ex
788 2312 1064 2377 Syncerasto
1093 2311 1415 2375 crurifiagium
1452 2309 1521 2356 fe-

503 2395 628 2431 cent.

1501 1997 1527 2038 d.
