1630 2866
207 183 307 243 :186
529 184 1175 236 PSEUDOLUS.
1356 198 1487 250 aa„

569 310 598 342 P
634 308 658 342 s
693 310 723 343 Ε
762 308 798 342 U
834 310 870 342 D
908 310 941 344 o
975 310 1005 344 1.
1042 311 1079 344 u
1113 311 1149 345 s.

207 368 368 418 Scitne
396 371 446 417 in
478 386 529 416 re
556 370 749 418 advorsa
773 373 947 418 vorsari
963 374 985 418 i‘

600 458 627 490 c
664 458 700 492 Η
735 456 770 491 A
807 460 839 492 R
870 459 890 490 1
925 459 959 492 N
994 460 1029 493 U
1069 460 1106 494 s.

809 520 980 566 Turbo
1008 537 1111 567 non
1136 535 1287 584 aeque
1309 521 1407 569 citu
1425 520 1493 567 ἐπ.

564 605 594 638 P
630 605 654 639 S
689 607 719 639 E
755 606 792 640 U
827 608 866 642 D
900 608 933 641 Ο
970 607 999 640 L
1037 607 1072 640 U
1107 607 1143 641 S.

207 662 397 725 Ecquid
419 678 594 731 argutu
614 667 701 714 ’st?

599 753 626 785 c
663 754 698 786 Η
734 753 768 786 Α
804 754 837 787 Β
874 753 894 786 1
932 755 964 787 N
1003 753 1038 786 U
1075 752 1114 786 s.

637 814 881 860 Malorum
908 813 1176 860 facinorum
1200 812 1501 875 saepissume.-

566 898 595 930 P
636 897 659 932 s
694 899 725 931 E
762 898 798 931 U
834 900 872 933 D
906 899 938 932 o
976 900 1006 932 L
1044 899 1078 931 U
1117 897 1156 931 s.
1198 937 1204 942 ,

209 954 375 1023 Quid,
404 972 555 1017 quom
585 958 832 1006 manifesto
859 959 1087 1006 tenetur?

601 1046 628 1078 c
664 1045 700 1078 Η
733 1045 768 1079 A
803 1048 837 1081 R
870 1047 892 1080 1
929 1048 963 1081 N
1002 1046 1038 1078 U
1079 1045 1116 1079 s.
1313 1087 1316 1089 Α

927 1106 1151 1171 Anguilla
1169 1107 1251 1164 ’st,
1282 1106 1500 1159 elabitun

566 1188 596 1220 P
631 1190 653 1223 S
689 1190 719 1223 E
755 1191 792 1225 U
827 1192 863 1225 D
904 1191 937 1225 0
973 1191 1005 1226 L
1041 1191 1076 1226 U
1112 1191 1154 1227 S·

207 1239 395 1304 Ecquid
423 1246 459 1293 is
487 1247 637 1296 homo
666 1241 894 1298 seitu'st?

600 1335 628 1367 C
666 1335 700 1368 H
731 1336 767 1370 A
801 1337 835 1371 R
868 1337 890 1370 1
924 1338 959 1371 N
994 1338 1032 1371 U
1070 1337 1107 1373 S.

764 1390 1080 1444 Plebiscitum.
1099 1410 1199 1446 non
1226 1409 1294 1445 est
1324 1399 1492 1447 scititxs.

565 1481 597 1514 P
631 1481 654 1516 S
688 1482 719 1516 E
756 1482 794 1517 U
828 1485 864 1518 D
900 1483 936 1518 O
970 1485 1001 1518 L
1038 1483 1074 1517 U
1109 1484 1150 1519 S.

210 1535 396 1586 Probus
417 1539 566 1588 homo
589 1554 656 1589 est
672 1577 686 1601 ‚
712 1555 769 1592 ut
792 1544 1059 1607 praedicare
1082 1556 1132 1591 te
1157 1545 1316 1592 audio.

606 1636 634 1669 C
669 1636 705 1671 Β
742 1631 780 1671 ‘A
813 1637 849 1671 R
881 1638 905 1671 1
938 1636 972 1671 N
1009 1636 1045 1671 U
1079 1635 1116 1671 S.

1099 1699 1258 1745 Immo
1285 1699 1321 1743 si
1349 1699 1457 1744 scias
1475 1732 1493 1757 ‚

209 1768 305 1815 Ubi
323 1781 372 1816 te
391 1772 645 1832 aspexerit,
676 1772 883 1820 narrabit
910 1774 1037 1820 ultro
1053 1807 1068 1830 ,
1098 1771 1219 1834 quid
1247 1787 1345 1818 sese
1362 1770 1493 1820 velis=

211 1842 307 1889 Sed
332 1845 450 1905 quid
475 1862 521 1891 es
554 1856 742 1892 acturus
757 1846 779 1890 Ρ

574 1932 605 1965 Ρ
640 1930 663 1965 s
699 1931 730 1963 Ε
767 1929 803 1962 U
839 1929 875 1962 D
913 1926 946 1962 ο
985 1929 1016 1962 1.
1052 1929 1088 1962 U
1122 1927 1160 1961 s.

566 1992 761 2038 Dicam:
792 1991 877 2038 ubi
901 1990 1151 2037 hominem
1177 1994 1497 2048 exornavere}

214 2065 528 2113 Subdititium
554 2066 655 2112 fieri
683 2082 772 2131 ego
801 2065 941 2112 illum
958 2063 1118 2110 militis
1147 2080 1334 2110 servom
1350 2065 1489 2110 volo:

214 2139 503 2202 Symbolum
529 2139 658 2186 hunc
691 2138 808 2186 ferat
834 2137 999 2184 lenoni
1033 2152 1147 2183 cum
1173 2135 1390 2198 quinque
1415 2149 1492 2179 ar-

467 2213 597 2277 genti
624 2213 784 2259 minis:
1432 2209 1436 2213 ¹

215 2286 467 2334 Mulierem
493 2288 552 2334 ab
585 2289 763 2335 lenone
788 2285 1001 2335 abducat.
1031 2287 1144 2333 hem
1173 2281 1263 2331 tibi
1290 2295 1491 2328 omnem

468 2361 702 2407 fabulam!

215 2432 441 2482 Ceterum
459 2450 559 2496 quo
579 2434 796 2496 quidque
821 2444 961 2497 pacto
981 2431 1116 2477 faciat
1130 2462 1144 2488 ,
1169 2427 1255 2490 ipsi
1282 2425 1459 2474 dixero.
