1630 2866
232 158 321 220 295
647 154 1074 202 RUDENS.
1413 170 1508 202 v.2

226 266 304 314 De
332 282 406 312 axa
441 264 655 326 deripere
676 262 722 309 V
724 263 871 309 eneris
904 265 1099 311 voluit?

577 359 608 391 T
645 359 678 393 R
714 358 750 393 A
785 360 812 393 C
849 358 897 392 H.
918 358 954 392 A
987 359 1019 392 L
1058 358 1079 391 1
1115 358 1161 392 Ο.

799 433 815 454 ⁸
863 481 866 484 ἢ
1104 416 1398 464 Admodum.

490 503 1256 539 PLEUSIDIPPUS.

233 567 372 638 Quin
403 567 616 614 occidisti
645 565 923 628 extemplo?

520 648 522 651 ’
589 654 620 686 Τ
656 654 690 687 R
726 653 762 686 A
799 653 826 685 C
865 652 900 685 H
939 650 974 685 A
1012 649 1043 683 L
1078 648 1099 680 I
1137 648 1185 681 Ο.

689 715 695 725 ’
946 710 1139 759 Gladius
1168 725 1270 756 non
1300 721 1408 757 erat.

496 795 1259 833 PLEUSIDIPPUS.

239 861 437 924 Caperes
469 871 551 907 aut
577 859 778 918 fustem,
815 870 898 906 aut
931 858 1154 921 lapidem.

596 946 627 978 T
664 947 697 980 R
733 946 768 979 A
808 947 835 979 C
873 945 909 978 H
946 945 981 978 A
1014 944 1044 977 L
1082 944 1104 976 1
1141 943 1188 976 Ο.

859 1003 997 1070 Quid
1024 1018 1139 1065 ego,
1167 1001 1298 1060 quasi
1327 1017 1520 1058 canem,

242 1076 508 1122 Hominem
541 1074 793 1119 insectarer
820 1074 1056 1134 lapidibus
1085 1071 1481 1131 nequissumum?

688 1160 719 1192 L
755 1159 790 1206 A
827 1159 856 1190 Β
892 1160 925 1191 Β
962 1158 998 1191 A
1034 1158 1086 1190 x.

241 1220 384 1267 Nunc
413 1221 499 1281 pol
529 1235 614 1282 ego
643 1218 791 1280 perii!
821 1217 1155 1281 Pleusidippus
1177 1234 1344 1264 eccum
1372 1215 1520 1262 adest:

245 1292 508 1338 Converret
528 1292 626 1355 jam
648 1291 726 1336 hic
750 1306 829 1336 me
847 1300 1009 1336 totum
1027 1304 1138 1334 cum
1159 1288 1441 1351 pulvisculo.

504 1381 1261 1417 PLEUSIDIPPUS.

245 1447 464 1493 Etiamne
494 1444 547 1489 in
573 1460 647 1490 ara
676 1454 794 1490 tunc
830 1442 1059 1487 sedebant
1084 1442 1329 1499 mulieres,

249 1519 421 1586 Quom
439 1517 503 1563 ad
534 1533 612 1562 me
639 1514 910 1577 profectu’s
944 1514 1041 1559 ire?

607 1602 638 1634 Τ
675 1603 709 1637 Β
743 1601 779 1634 A
814 1601 841 1633 c
882 1601 916 1634 H
953 1601 988 1633 A
1026 1601 1056 1633 1.
1091 1601 1112 1633 1
1151 1601 1201 1634 o.

978 1663 1169 1710 Ibidem
1196 1679 1329 1709 nunc
1353 1663 1529 1709 sedent.

513 1746 1268 1781 PLEUSIDIPPUS.

257 1808 380 1878 Quis
413 1809 511 1855 illas
543 1824 673 1854 nunc
707 1807 801 1852 illic
828 1817 979 1852 servat
999 1806 1021 1851 ?

611 1894 643 1927 Τ
678 1895 713 1928 R
751 1891 786 1924 A
821 1891 848 1924 C
885 1891 921 1924 H
953 1890 989 1925 A
1024 1891 1054 1923 L
1091 1890 1112 1923 1
1149 1891 1196 1923 O.

996 1951 1163 1998 Nescio
1194 1953 1298 2012 quis
1331 1967 1498 2010 senex,

254 2028 447 2075 Vicinus
473 2026 699 2076 Veneris;
733 2026 769 2070 is
796 2025 930 2071 dedit
968 2041 1161 2086 operam
1193 2036 1456 2086 optumam.

253 2101 298 2147 Is
328 2116 458 2147 nunc
489 2116 600 2146 cum
632 2099 772 2145 servis
801 2110 970 2145 servat:
1003 2116 1090 2163 ego
1122 2100 1464 2146 mandaveram.

516 2183 1276 2218 PLEUSIDIPPUS.

257 2246 367 2292 Duc
399 2262 479 2293 me
506 2245 566 2291 ad
597 2246 824 2292 lenonem
851 2257 987 2293 recta.
1019 2247 1103 2292 ubi
1131 2247 1226 2292 illic
1254 2256 1320 2290 est
1344 2243 1529 2289 homo?

700 2333 732 2367 L
768 2333 803 2366 A
837 2333 867 2366 Β
903 2333 937 2366 Β
974 2332 1009 2365 Α
1044 2332 1092 2365 x.

258 2383 405 2431 Salve.
