1598 2814
75 171 205 217 v.43
351 150 642 200 ACTUS
689 152 790 199 IV.
834 151 939 200 SC.
993 154 1111 200 III.
1258 169 1358 216 495·

75 263 184 311 Hoc
203 263 288 325 qui
311 263 364 317 ,in
390 272 606 308 mentem
638 262 825 317 venerit
850 263 973 309 mihi
990 297 1004 320 ,
1036 262 1185 324 reipsa
1210 262 1362 309 modo

263 375 265 380 s
331 336 639 385 conmonitus
661 353 782 383 sum.

72 407 124 458 Si
154 410 261 472 quis
295 420 523 455 mutuom
559 407 681 468 quid
712 407 894 455 dederit
908 443 924 467 ‚
963 409 1020 456 fit
1038 426 1139 471 pro
1167 411 1364 472 proprio

323 480 580 542 perditum.

73 554 247 624 Quom
270 562 476 632 repetas,
502 549 749 597 inimicum
774 549 984 595 amicum
1016 548 1248 598 beneficio
1282 554 1361 598 in<
1393 557 1403 565 ‘

326 623 459 671 venis
479 634 581 669 tuo.

74 698 125 746 Si
151 713 288 763 mage
313 697 498 762 exigere
528 696 687 759 cupias
704 730 719 754 ,
748 694 952 742 duarum
971 713 1131 743 rerum
1150 700 1361 748 exoritur

333 770 492 832 optio:

75 842 166 891 Vel
204 842 359 901 illud,
395 842 532 904 quod
568 841 846 900 credideris,
879 843 1075 904 perdas3
1112 845 1190 891 vel
1222 844 1360 892 illum

330 916 541 963 amicum
572 916 788 961 amiseris.

426 1009 453 1040 C
490 1007 525 1040 H
559 1006 595 1039 A
630 1009 666 1041 R
700 1007 744 1040 Μ
778 1007 800 1040 Ῑ
834 1007 871 1039 D
907 1007 938 1040 E
974 1007 1014 1041 S.

73 1075 210 1122 Meus
231 1083 299 1120 est
316 1072 395 1118 hic
414 1071 614 1132 quidem
636 1072 857 1119 Stasimus
874 1091 1041 1120 servos.

461 1171 964 1208 STASIMUS.

584 1241 709 1288 Nam
742 1259 830 1307 ego
856 1245 1092 1290 talentum
1122 1257 1353 1292 mutuom

73 1316 228 1388 Quod
261 1314 512 1374 dederam,
558 1317 738 1362 talento
784 1318 1035 1364 inimicum
1074 1319 1195 1364 mihi
1231 1320 1356 1376 emi,

322 1389 532 1434 amicum
559 1388 769 1434 vendidi.

72 1459 169 1507 Sed
194 1475 282 1524 ego
314 1476 422 1505 sum
446 1460 737 1521 insipientior
752 1494 766 1516 ‚
806 1459 891 1518 qui
912 1458 1051 1505 rebus
1083 1473 1246 1503 curem
1262 1475 1355 1519 pu-

323 1532 457 1578 blicis

73 1607 236 1655 Potius
250 1607 432 1665 {quam
447 1603 500 1649 id
514 1602 657 1664 ‚quod
676 1616 976 1663 proxumum
994 1602 1049 1648 ’st
1062 1637 1076 1659 ‚
1094 1618 1203 1647 meo
1219 1613 1352 1667 tergo

139 1685 142 1689 ’
338 1677 536 1721 tutelam
563 1691 734 1740 geram.

72 1748 401 1798 Eodomum.

430 1830 1013 1867 CHARMIDES.

201 1901 335 1948 Heus
353 1901 433 1946 tu!
461 1898 589 1945 adsta
605 1899 747 1945 illico.
765 1899 903 1958 audi,
938 1899 1053 1944 heus
1075 1900 1150 1944 tu!

459 1999 483 2033 s
521 1998 553 2031 Τ
587 1996 624 2032 A
660 1999 683 2033 s
720 1998 741 2031 1
776 1999 819 2031 M
855 1998 891 2031 U
928 1998 967 2032 s.

711 2067 826 2113 Non
851 2079 937 2114 sto.

430 2160 457 2192 c
491 2159 527 2192 H
560 2161 596 2192 A
628 2160 663 2193 R
697 2157 741 2192 M
775 2159 797 2191 1
832 2159 869 2192 D
906 2159 935 2191 E
972 2159 1009 2193 s.

828 2227 893 2273 At
911 2243 999 2290 ego
1019 2238 1067 2273 te
1085 2237 1201 2273 stare
1222 2228 1348 2274 volo.

460 2322 484 2356 s
520 2310 555 2355 'r‘
587 2321 622 2353 A
658 2320 682 2354 s
714 2321 736 2352 1
770 2320 828 2359 M,
850 2320 886 2352 u
924 2320 961 2354 s.

72 2388 210 2458 Quid
235 2390 271 2436 si
301 2399 491 2454 egomet
508 2399 556 2435 te
573 2388 695 2435 velle
716 2386 864 2433 nolo?
