1598 2814
222 175 314 219 ½4
447 138 1257 206 TRUCULENTUS
1376 171 1499 215 ww

542 279 570 311 P
606 277 640 310 H
684 279 717 312 R
754 277 784 310 Ο
822 278 856 310 N
892 277 922 310 E
959 277 982 311 S
1019 278 1040 311 1
1076 277 1111 311 U
1147 278 1203 312 M.

214 343 302 387 Pol
322 336 452 387 haud
473 341 596 403 perit
609 375 622 398 ,
642 340 777 401 quod
796 340 935 387 illum
959 351 1152 386 tantum
1169 356 1293 388 amo.

729 432 762 466 G
797 435 828 468 Ε
866 435 898 467 Τ
934 434 984 467 A.

324 497 468 556 Jussit
485 512 627 559 opere
648 512 777 542 orare
790 531 803 554 ,
825 506 881 541 ut
903 495 1017 541 haec
1035 506 1161 559 grata
1181 494 1373 542 haberes
1391 496 1493 543 tibi.

536 590 563 622 P
604 589 638 621 H
674 591 707 623 R
744 589 776 621 o
813 589 846 621 N
883 588 912 621 E
951 587 973 621 s
1011 588 1031 620 1
1070 587 1104 621 U
1141 589 1197 622 M.

214 651 353 697 Grata
380 667 628 711 aequaque
653 660 830 695 ecastor
854 649 1035 706 habeo,
1049 649 1202 713 jubeo
1232 648 1409 694 auferri.
1423 648 1498 695 in·-

464 735 551 769 tro.
588 724 633 780 i,
664 723 864 785 Cyame·
1037 773 1050 778 φ

210 797 404 858 Ecquid
424 796 591 842 auditis
608 796 746 853 haec,
771 812 892 856 quae
912 796 1139 857 imperata
1155 767 1299 841 sunt?

542 881 546 884 ’
733 882 764 915 G
801 882 831 915 E
868 882 900 915 Τ
937 883 987 916 Α.

962 942 1080 990 Vasa
1113 944 1235 1002 nolo
1249 942 1486 989 auferant:

205 1010 437 1056 Desiccari
464 1010 619 1055 lubet.

530 1096 557 1127 P
598 1095 632 1126 H
668 1094 702 1127 R
741 1094 773 1127 O
812 1094 846 1127 N
883 1094 914 1127 E
952 1094 974 1127 S
1011 1095 1032 1127 1
1069 1093 1104 1126 U
1141 1091 1196 1125 M.

333 1155 579 1218 Inpudens
593 1188 606 1212 ,
631 1165 882 1210 mecastor,
905 1153 1072 1215 quanti
1091 1163 1157 1199 est
1173 1152 1358 1215 negoti!

729 1247 761 1279 G
797 1248 827 1280 E
865 1247 896 1279 T
934 1238 1010 1280 A.'

1071 1298 1196 1344 Tun’
1216 1297 1346 1344 bona
1363 1297 1458 1344 fide
1470 1331 1487 1355 ‚

201 1374 342 1420 Tune
357 1375 417 1420 ais
446 1373 765 1437 inpudentem
790 1390 869 1419 me
893 1386 1013 1430 esse,
1042 1372 1139 1434 ipsa
1169 1387 1294 1434 quae
1319 1371 1375 1418 sis
1396 1382 1485 1418 sta-

450 1448 624 1493 bulum
651 1446 828 1510 flagiti?
918 1440 947 1503 ‘R

523 1536 552 1568 P
590 1535 624 1567 Η
663 1536 697 1568 R
733 1534 765 1567 o
803 1535 837 1567 N
874 1533 904 1565 E
943 1532 965 1566 s
1002 1532 1023 1565 1
1060 1532 1097 1566 U
1134 1532 1190 1566 M.

197 1595 288 1642 Dic
301 1630 315 1654 ,
334 1596 504 1643 amabo
523 1606 597 1654 te,
621 1594 708 1641 ubi
727 1605 794 1640 est
809 1593 1109 1639 Dinarchus?

718 1687 750 1719 G
786 1687 815 1719 E
855 1687 885 1719 Τ
925 1686 973 1719 A.

743 1747 906 1798 Domi.

521 1834 550 1867 P
588 1834 621 1867 H
658 1835 691 1867 n
727 1833 760 1866 o
799 1834 835 1866 N
871 1833 901 1864 E
939 1832 961 1866 s
999 1832 1021 1864 1
1058 1832 1093 1864 u
1130 1831 1188 1864 M.
1511 1876 1515 1878 -

627 1940 636 1949 ‚
855 1893 946 1939 Dic
970 1892 1034 1938 ob
1050 1893 1161 1938 haec
1184 1891 1310 1937 dona
1323 1924 1336 1948 ,
1355 1907 1478 1952 quae

194 1966 272 2013 Ad
298 1984 375 2014 me
406 1966 607 2022 miserit,
639 1981 717 2009 me
743 1964 883 2010 illum
902 1982 1055 2011 amare
1077 1964 1348 2026 plurimum
1372 1981 1478 2010 om·-

453 2039 591 2086 nium
617 2037 883 2083 hominum.
945 2066 957 2078 .

192 2113 320 2178 Ergo
348 2127 612 2173 meumque
638 2111 873 2157 honorem
889 2112 1027 2158 illum
1050 2111 1224 2158 habere
1255 2109 1472 2157 omnium

445 2201 757 2232 maxumum:
910 2197 915 2200 ·

192 2258 380 2321 Atque,
407 2272 462 2307 ut
479 2261 573 2306 huc
591 2258 750 2306 veniat
764 2293 778 2315 ,
804 2259 1055 2305 obsecrare.

712 2345 743 2377 G
780 2345 809 2376 Ε
847 2345 878 2377 Τ
916 2345 964 2377 Λ.

591 2405 736 2449 Ilicet.
756 2403 838 2449 sed
857 2404 1070 2464 quisnam
1090 2403 1183 2448 illic
1203 2401 1352 2446 homo
1371 2409 1438 2444 est
1451 2432 1467 2456 ,

894 2495 1293 2672 M
