1598 2814
225 161 319 219 528
450 161 1250 215 TRUCULENTUS
1371 186 1502 219 v.11

220 268 487 339 Vorterunt
509 284 604 314 sese
633 269 901 316 memoriae.
930 272 1098 319 stultus
1115 274 1199 333 sit,
1230 276 1315 345 qui
1342 276 1395 322 id
1419 277 1507 323 ad-

477 344 690 390 miretur.

222 420 273 467 Si
295 429 429 483 eget,
416 434 640 535 ‚nfecesse
666 429 734 464 est
758 435 842 464 nos
871 420 1075 482 patiatur
1096 422 1217 474 ali3
1204 435 1269 471 ita
1295 442 1504 487 aequom

498 506 604 536 actu
631 502 711 536 est.

222 565 470 613 Piaculum
490 566 544 610 'st
561 599 574 621 ‚
596 564 799 610 misereri
822 581 907 611 nos
923 566 1181 616 hominurn
1197 569 1263 617 rei
1286 570 1411 616 male
1426 587 1509 636 ge-

477 650 681 683 rentum.

222 713 364 760 Boniq
400 728 492 757 esse
523 721 714 772 oportet
745 709 970 758 dentibus
996 714 1156 761 lenam
1184 714 1411 777 probam:
1443 731 1511 763 ar·-

476 788 627 833 1idere
643 822 657 845 ,

224 863 454 935 Quisquis
472 863 629 908 veniat
643 897 655 919 ,
685 860 962 923 blandeque
982 862 1188 927 alloqui:
1217 865 1341 911 male
1361 863 1506 912 corde

482 936 748 982 consultare
770 969 784 991 ‚

222 1012 353 1060 Bene
376 1011 511 1072 loqui
534 1011 706 1073 lingua.
741 1011 1039 1057 meretricem
1058 1028 1152 1058 esse
1179 1011 1384 1059 similem
1399 1027 1513 1059 sen·—

190 1147 194 1150 ἢ
487 1084 544 1128 tis
574 1083 835 1138 condecet,

225 1160 541 1229 Quemquem
557 1156 807 1201 hominem
824 1155 1039 1218 adtigerit
1050 1189 1064 1212 ‚
1079 1154 1298 1216 profecto
1314 1152 1396 1202 aut
1413 1173 1511 1204 rna-

485 1232 589 1276 lum
613 1239 694 1274 aut
718 1227 951 1274 damnum
974 1227 1083 1273 dari.

225 1305 509 1366 Numquam
538 1302 756 1348 amatoris
778 1301 1076 1347 meretricem
1093 1311 1285 1363 oportet
1306 1317 1513 1349 caussam

481 1392 671 1422 noscere
685 1410 699 1432 ‚
892 1379 896 1382 '

229 1451 397 1520 Quin,
423 1449 507 1495 ubi
534 1449 652 1494 nihil
676 1448 780 1504 det,
810 1463 899 1507 pro
922 1445 1227 1506 infrequente
1257 1462 1374 1494 eum
1400 1446 1514 1495 mit-

481 1534 548 1568 tas
576 1522 743 1568 militia
764 1521 981 1566 domum.
1507 1537 1510 1540 ·

227 1597 329 1643 Nec
354 1613 588 1658 umquam
618 1595 871 1656 quisquam
897 1593 1074 1655 probus
1094 1593 1181 1640 erit
1198 1604 1403 1652 amator,
1423 1593 1525 1647 nisi,

484 1670 572 1731 qui
605 1670 672 1715 rei
701 1668 899 1714 inimicu
915 1669 970 1714 ’st
995 1683 1117 1719 suae.

228 1745 393 1809 Nugae
409 1755 521 1791 sunt
532 1778 546 1800 ‚
570 1743 658 1789 nisi
677 1742 814 1803 quod
831 1740 980 1788 modo
997 1757 1152 1802 quom
1170 1739 1383 1799 dederit,
1401 1739 1516 1788 dare

477 1818 576 1881 jam
602 1817 764 1862 lubeat
788 1816 964 1862 denuo·

228 1891 272 1936 Is
290 1900 470 1936 amatur
489 1890 565 1936 hic
583 1889 714 1950 apud
738 1905 824 1934 nos
839 1923 853 1946 ,
874 1888 985 1949 qui,
1014 1886 1153 1949 quod
1172 1885 1336 1945 dedit,
1354 1885 1407 1932 id
1425 1885 1515 1933 ob'-

482 1965 601 2012 litu'
604 1975 646 2010 st
673 1964 852 2010 datum.

229 2035 362 2085 Dum
380 2039 573 2094 habeat,
597 2049 704 2083 tum
720 2047 871 2083 amet:
891 2035 977 2081 ubi
992 2035 1112 2082 nihil
1133 2035 1304 2087 habeat
1318 2068 1334 2094 ,
1362 2033 1511 2113 alium

485 2122 735 2193 quaestum
766 2111 964 2191 coepiat.

230 2185 403 2246 Aequo
432 2185 620 2242 animo,
648 2186 746 2245 ipse
769 2183 804 2229 si
832 2182 951 2228 nihil
978 2182 1174 2241 habeat,
1203 2181 1297 2229 aliis
1316 2177 1402 2241 qui
1426 2177 1510 2223 ha·-

219 2315 227 2318 ῃ
483 2258 631 2314 beat,
661 2256 742 2302 det
763 2258 940 2302 locum.

230 2331 413 2398 Probue
436 2343 503 2378 est
529 2342 736 2390 amator,
765 2330 852 2392 qui
879 2327 1047 2376 relictis
1074 2326 1213 2373 rebus
1229 2341 1333 2373 rem
1351 2322 1511 2386 perdit

483 2421 629 2450 suam.

1589 2791 1598 2814 -·
1585 2637 1598 2777 ijo-2.v.-m-
1595 2576 1598 2602 ...
