1690 2872
134 161 182 192 v.
215 159 269 207 13
415 139 705 190 Acrus
755 141 855 188 1v.
907 140 1012 190 sc
1056 143 1136 189 11.
1311 157 1403 204 475

136 249 278 296 Fidus
300 247 437 296 fuisti.
454 249 660 296 infidum
681 265 774 296 esse
794 249 975 295 iterant.
995 265 1108 302 nam
1133 249 1310 311 absque
1331 251 1406 298 fo-

388 332 462 368 ret
490 332 570 378 te,
594 333 662 368 sat
686 320 780 367 scio
809 321 861 366 in
885 322 983 368 alto

137 394 498 452 Distraxioeent,
539 355 703 456 disque
734 395 945 442 tulissent
977 394 1191 441 satellites
1222 394 1295 442 tui
1323 411 1404 442 me

389 469 611 514 miserum
636 467 777 514 foede
792 501 809 526 ‚

140 538 367 601 Bonaque
393 540 551 586 omnia
572 539 688 586 item
718 556 815 587 una
834 556 1028 587 mecum
1053 540 1223 602 passim
1248 556 1409 587 caeru-

391 613 491 657 leos
522 627 607 672 per
629 627 828 674 campos.

141 683 214 730 Im
235 684 335 747 jam
364 685 494 745 quasi
521 700 686 741 canes,
716 685 846 732 haud
872 702 1031 743 secus,
1051 686 1410 733 circumstabant

394 772 564 802 navem
594 756 804 802 turbines
835 757 994 804 venti.

144 826 323 872 Imbres
343 825 614 888 fluctusque
636 837 782 888 atque
801 829 1032 915 procellae
1058 826 1263 872 infensae
1288 827 1413 872 fran-

399 914 506 962 gere
533 899 716 944 malum
730 930 747 956 ‚

143 968 299 1017 Ruere
324 980 575 1026 antennas,
601 969 810 1016 scindere
839 969 970 1027 vela,
995 969 1048 1015 ni
1080 980 1162 1016 tua
1185 986 1280 1031 pax
1302 987 1416 1032 pro-

391 1041 508 1102 pitia
537 1040 656 1086 foret
685 1050 882 1101 praesto.
940 1048 943 1049 ’

146 1111 307 1177 Apage
340 1129 420 1159 me
454 1113 535 1159 sis:
576 1112 749 1158 deinde
778 1112 891 1160 hinc
922 1124 1105 1160 certum
1125 1113 1181 1160 ’st
1211 1114 1309 1161 otio
1339 1132 1418 1162 me

397 1186 518 1232 dare.
548 1187 650 1233 satis
675 1197 866 1248 parturn
897 1187 1066 1234 habeo.

146 1257 335 1327 Quibus
371 1259 605 1305 aerumnis
639 1258 876 1305 delucum
894 1293 909 1316 ,
948 1259 1047 1305 filio
1080 1259 1200 1307 dum
1240 1261 1420 1308 divitias

396 1332 600 1392 quaero!

151 1399 247 1447 Sed
274 1402 378 1462 quis
396 1402 474 1447 hic
495 1412 586 1458 est,
614 1402 700 1462 qui
725 1403 776 1447 'm
797 1403 1002 1463 plateam
1021 1403 1284 1466 ingreditur
1308 1421 1422 1452 curn
1491 1395 1496 1399 ⁸

399 1490 529 1519 novo
560 1485 730 1518 ornatu
753 1474 1002 1533 specieque

154 1543 336 1594 Simul?
368 1546 477 1607 pol!
511 1543 804 1606 quamquam
833 1545 1035 1591 domum
1069 1548 1238 1609 cupio,
1272 1564 1423 1610 oppe-

408 1617 497 1664 riar
524 1617 602 1663 hic
618 1651 632 1674 ,
657 1633 802 1678 quam
822 1627 950 1681 gerat
980 1634 1094 1664 rem.

537 1796 867 1846 SCENA
938 1798 1040 1846 II.

194 1947 811 1989 SYGOPHANTA,
858 1948 1393 1988 CHARMIDBS.

483 2095 1134 2135 SYcoPHANTA.

163 2148 350 2260 HUI
361 2225 388 2258 c
413 2227 499 2275 ego
527 2211 620 2257 diei
639 2228 822 2258 nornen
843 2212 1090 2259 Trinummo
1108 2214 1296 2262 faciam:
1318 2232 1428 2264 nam

414 2299 501 2347 ego
528 2299 718 2344 operam
747 2300 903 2329 meam

164 2349 334 2399 Tribus
361 2354 568 2399 nummis
593 2354 737 2401 hodie
758 2355 908 2402 locavi
935 2356 998 2403 ad
1015 2367 1131 2405 artes
1148 2360 1424 2424 nugatorias.
