1630 2866
240 140 377 228 ‘2282'
665 176 1096 226 RUDENS.
1398 177 1527 226 v.16

600 298 629 331 Ρ
666 297 700 331 A
735 298 766 330 L
803 297 837 330 A
871 289 963 331 E's
1001 298 1032 331 T
1067 299 1102 332 R
1138 298 1187 332 A.

243 360 365 428 Quis
396 360 430 404 is
452 363 529 405 'est
544 395 556 418 ,
595 359 680 419 qui
707 357 963 405 nominat?

602 453 633 486 T
669 454 704 487 R
740 455 776 487 A
813 455 839 487 c
875 452 910 485 Η
946 451 980 484 Α
1015 451 1045 484 L
1082 451 1103 483 1
1139 452 1188 487 o.
1418 494 1422 497 .

977 509 1025 556 Si
1049 509 1250 572 respexis
1268 544 1283 568 ‚
1311 510 1433 560 scies.

596 600 624 633 P
664 600 766 633 A·L
804 600 838 632 A
875 602 905 634 E
945 602 967 636 S
1005 602 1038 635 T
1073 604 1108 637 R
1144 601 1192 635 A.

244 662 292 709 O
322 662 473 708 salutis
502 678 635 708 meae
665 664 791 723 spes!
852 675 862 685 ·

602 758 633 790 Τ
669 757 703 791 R
739 757 774 790 A
810 759 836 790 c
873 757 906 788 Η
943 755 978 790 A
1013 757 1044 789 L
1084 758 1103 790 1
1144 757 1192 790 ο.

809 818 936 865 Tace
954 852 968 875 ‚
996 833 1047 863 ac
1079 817 1213 863 bono
1241 815 1403 863 animo
1438 832 1496 865 es..

240 882 323 946 Me
347 883 470 931 vide.

602 964 630 996 P
667 962 701 996 A
739 963 771 997 L
806 962 841 996 A
876 963 906 996 E
937 963 959 997 s
998 963 1042 1014 Τἡ
1064 964 1098 996 R
1134 963 1184 997 A.

473 1030 520 1076 Si
551 1031 698 1076 modo
726 1032 777 1077 id
803 1032 969 1089 liceat,
1001 1032 1069 1079 vis
1092 1038 1154 1077 ne
1182 1030 1445 1091 opprimat:

207 1123 210 1126 ¹
243 1103 382 1170 Quae
418 1102 485 1147 vis
505 1136 519 1158 ,
546 1102 647 1147 vim
676 1102 794 1147 mihi
830 1101 1020 1147 afferam
1051 1102 1174 1162 ipsa,
1205 1100 1364 1164 adigit.

602 1204 632 1236 T
669 1206 702 1238 R
741 1204 773 1238 A
816 1204 842 1236 C
880 1203 915 1236 H
950 1203 985 1235 A
1021 1203 1051 1235 L
1088 1203 1109 1235 1
1145 1204 1194 1236 O.

774 1262 851 1309 Ah
869 1297 882 1320 ,
905 1261 1091 1307 desine!
1117 1261 1257 1308 nimis
1281 1262 1445 1323 inepta
1468 1277 1529 1307 es.

599 1357 635 1390 A
671 1359 712 1391 M
754 1358 781 1390 P
819 1355 849 1388 E
886 1356 917 1388 L
954 1355 1033 1402 1AE
1073 1357 1100 1389 c
1140 1355 1188 1389 A.

244 1417 425 1465 Desiste
458 1417 591 1464 dictis
619 1434 750 1464 nunc
767 1418 868 1480 jam
898 1418 1114 1463 miseram
1135 1433 1227 1463 me
1239 1415 1482 1463 consolari.

604 1519 632 1552 P
668 1519 704 1552 A
739 1518 769 1551 L
808 1519 842 1551 A
879 1520 910 1552 E
949 1519 971 1552 S
1009 1519 1039 1552 T
1076 1519 1110 1552 R
1145 1518 1191 1552 A.

245 1588 345 1635 Nisi
376 1590 498 1651 quid
517 1606 566 1636 re
585 1587 871 1651 praesidium
899 1570 1114 1651 apparas,
1129 1585 1374 1634 Trachalio
1389 1618 1404 1642 ‚
1430 1594 1532 1634 acta

498 1665 612 1710 haec
643 1680 713 1710 1es
741 1673 833 1708 est:
931 1713 937 1724 f

232 1734 444 1783 ‘Certum
467 1738 521 1782 'st
554 1737 749 1793 moriri,
783 1753 928 1797 quam
957 1735 1084 1779 hunc
1113 1732 1212 1794 pati
1243 1732 1426 1797 grassari
1461 1732 1531 1777 le·-

507 1826 690 1855 nonem
726 1810 776 1853 in
810 1824 904 1853 me.

246 1882 341 1930 Sed
371 1883 595 1929 muliebri
619 1882 778 1927 animo
797 1897 903 1926 sum
927 1890 1108 1926 tamen:
1131 1878 1324 1924 miserae
1348 1877 1430 1924 ubi
1450 1893 1533 1925 ve·-

499 1957 571 2001 nit
588 1956 639 2000 in
661 1965 877 2000 mentem

245 2029 366 2076 Mihi
389 2028 553 2075 mortis
570 2062 584 2085 ,
607 2037 761 2073 metus
780 2025 995 2071 membra
1016 2033 1218 2084 occupat
1241 2021 1431 2082 edepol.
1473 2053 1476 2054 γ

609 2131 640 2162 Τ
676 2131 709 2164 R
746 2130 781 2162 A
820 2130 846 2161 c
885 2129 919 2161 H
956 2128 991 2161 A
1027 2129 1058 2161 L
1096 2128 1116 2160 1
1154 2128 1202 2160 o.
1415 2157 1422 2162 ,
1494 2151 1497 2153 ,

1031 2188 1124 2235 Etsi
1158 2189 1252 2234 hoc
1282 2176 1499 2231 acerbum
1517 2218 1535 2242 ‚

247 2258 440 2305 Bonum
466 2258 684 2304 animum
711 2256 899 2303 habete.

607 2353 638 2386 Ρ
674 2351 709 2384 A
744 2351 775 2384 1.
810 2349 845 2382 A
880 2349 909 2381 Ε
946 2347 967 2379 s
1004 2346 1037 2379 Τ
1072 2347 1106 2381 R
1139 2344 1189 2377 A.

345 2421 469 2466 Nam
483 2454 497 2478 ,
522 2420 718 2466 obsecro
735 2451 748 2474 ‚
769 2414 900 2462 unde
919 2413 1101 2459 animus
1121 2409 1240 2456 mihi
1259 2399 1529 2454 invenitur?
