1630 2866
220 179 299 237 ’45
422 141 426 146 Α
581 171 1163 226 POENUL‘US.
1417 185 1525 232 ιη

656 299 701 332 M
737 298 759 331 I
794 298 825 332 L
861 298 896 332 P.
927 299 963 334 H
996 299 1019 333 1
1058 300 1108 335 O·

1113 360 1237 418 dee
1265 362 1322 409 sis
1349 364 1527 414 calleas.

525 442 1227 480 COLLYBISCUS.

237 507 375 579 Quid
410 523 509 569 opu
535 508 589 553 ’st
619 505 811 553 verbis?
845 507 1022 552 callum
1048 523 1316 572 aprugnum
1347 510 1516 559 callere

491 596 644 642 aeque
675 595 779 625 non
804 595 965 624 smam.

654 673 696 706 M
732 674 753 707 1
790 673 820 706 L
857 673 884 706 P
924 672 959 705 H
992 673 1015 705 Ι
1052 672 1101 706 Ο.

228 740 318 787 Fac
352 738 503 785 modo
540 747 596 783 ut
627 735 866 783 condocta
899 735 989 782 tibi
1017 736 1110 783 sint
1142 736 1267 784 dicta
1297 736 1360 784 ad
1393 737 1513 787 hanc

483 810 725 856 fallaciam.

524 895 1229 944 COLLYBISCUS.

229 959 367 1030 Quin
401 957 574 1018 edepol
608 957 888 1003 condoctior
922 974 1057 1015 sum,
1094 975 1241 1020 quam
1277 957 1515 1024 Tragoedi

482 1041 564 1076 aut
589 1029 782 1075 Comici.

655 1115 699 1148 M
736 1116 758 1150 I
792 1115 824 1149 L
860 1115 889 1149 P
928 1114 964 1149 Η
998 1114 1021 1148 I
1058 1115 1106 1149 Ο.

226 1178 410 1227 Probus
437 1177 588 1222 homo
613 1191 669 1220 es.¹

493 1259 1290 1297 AG-ORASTOCLES.

519 1322 706 1370 Adeam
731 1322 940 1385 propiuS.
969 1322 1141 1368 adsunt
1171 1333 1320 1368 testes.

655 1422 700 1455 M
736 1421 757 1453 1
782 1420 825 1453 ⁷1,
862 1419 889 1452 P
927 1419 962 1452 Η
998 1419 1020 1451 1
1058 1418 1109 1453 ο.

1183 1480 1284 1527 Tot
1312 1479 1513 1542 quidem

218 1559 341 1611 ‚Non
369 1555 568 1620 potuisti
599 1555 838 1602 adducere
873 1554 1089 1601 homines
1122 1554 1266 1619 magis
1294 1554 1356 1600 ad
1389 1554 1513 1602 hanc

483 1645 594 1674 rem·
607 1628 822 1674 idoneos.

226 1701 351 1748 Nam
380 1702 580 1747 istorum
608 1702 767 1747 nullus
790 1699 974 1748 nefastu
994 1701 1071 1751 ἐἰς
1119 1698 1376 1746 comitiales
1401 1709 1514 1747 sunt

478 1773 618 1818 meri:

226 1848 303 1896 Ibi
322 1848 559 1894 habitant:
590 1846 658 1891 ibi
680 1862 755 1891 eos
774 1847 1050 1908 conspipias,
1076 1862 1222 1907 quam
1238 1846 1510 1895 Praetorem

483 1921 676 1982 saepius.

225 1995 387 2042 Hodie
404 1994 521 2058 juris
540 1994 765 2039 coctiores
792 2009 892 2039 non
920 2005 1053 2051 sunt,
1086 1994 1172 2055 qui
1194 1993 1295 2039 lites
1319 1998 1506 2050 creant,'

227 2068 391 2138 Quam
414 2077 524 2113 sunt
541 2067 611 2112 hi:
636 2066 721 2128 qui
737 2066 772 2111 si
790 2066 907 2111 nihil
926 2077 993 2112 est
1011 2066 1170 2114 litium
1184 2102 1197 2125 ,
1215 2066 1318 2114 lites
1333 2075 1508 2113 serunt.

622 2158 658 2192 A
692 2160 728 2192 D
764 2160 800 2195 V
842 2160 873 2193 0
918 2160 945 2192 C
982 2160 1017 2194 A
1055 2160 1086 2193 T
1120 2162 1154 2194 Ι.

223 2219 307 2267 Dii
332 2230 380 2266 te
410 2218 626 2280 perdant.

646 2298 689 2331 M
724 2299 745 2331 1
785 2298 815 2332 L
851 2299 879 2333 P
917 2299 952 2333 H
987 2301 1008 2333 1
1044 2299 1117 2333 0.,

319 2355 415 2404 Vos
444 2356 645 2419 quidem
669 2357 856 2417 hercle,
886 2356 1185 2413 Conmendo,
1209 2370 1361 2416 quom
1394 2355 1501 2416 qui-

1126 2444 1211 2490 qm
1245 2439 1436 2488 tamen,
