1630 2866
248 100 360 187 358'
647 119 1125 171 STICHus.
1435 139 1542 192 ιιι

245 228 408 289 Atque
436 227 512 272 illa
539 242 750 294 puerum
789 241 868 271 me
898 228 1095 292 gestavit
1120 233 1372 291 parvolum
1393 267 1408 291 ‚

246 302 370 371 Quo
395 301 549 359 minus
582 299 753 346 laboris
782 300 913 345 illam
937 300 1374 362 cepisse'existimo:

245 375 310 421 At
345 391 431 438 ego
456 389 557 419 non
590 373 906 435 pauxillulam
937 373 988 418 in
1024 384 1160 420 utero
1188 388 1316 440 gesto
1337 377 1540 436 famem·,

246 449 429 495 Verum
451 448 609 494 hercle
639 449 797 494 multo
825 465 1104 496 maxumam
1125 461 1174 496 et
1196 453 1547 515 gravissumam.

246 521 377 567 Uteri
410 520 598 568 dolores
625 522 743 567 mihi
775 521 1061 569 oboriuntur
1092 524 1297 576 cotidie;

247 594 344 644 Sed
371 607 571 640 matrem
604 612 767 656 parere
802 613 1021 658 nequeo;
1052 597 1211 643 nescio
1242 599 1509 660 quomodo.

246 667 430 714 Audivi
456 684 590 728 saepe
617 667 709 713 hoc
741 669 887 733 volgo
916 668 1060 715 dicier
1078 703 1094 727 ‚
1116 690 1118 692 ·

248 741 408 787 Solere
440 741 752 803 elephantum
786 742 1029 806 gravidam
1052 755 1312 806 perpetuos
1344 745 1514 793 decem

249 815 358 860 Esse
382 831 541 859 annos.
569 817 667 879 ejus
690 832 751 861 ex
770 816 952 862 semine
977 816 1092 863 haec
1117 829 1247 864 certo
1272 831 1340 865 est
1355 819 1513 866 fames.

248 888 374 934 Nam
397 889 497 953 jam
526 890 766 951 conpluris
804 906 952 936 annos
987 876 1128 937 utero
1159 891 1320 937 haeret
1355 907 1482 938 meo-

247 962 296 1007 N
301 978 392 1007 unc
412 963 446 1006 si
470 962 730 1009 ridiculum
753 962 1002 1009 hominem
1023 974 1219 1023 quaeret
1236 963 1503 1025 quispiam,-

249 1034 438 1079 Venalis
467 1051 551 1097 ego
580 1051 686 1079 sum
719 1051 831 1080 cum
855 1035 1141 1093 ornamentis
1171 1035 1412 1082 omnibus.

250 1108 563 1154 Inanimentis
595 1109 960 1168 explementum
991 1107 1218 1168 quaerito.

252 1181 492 1227 Gelasimo
522 1197 701 1226 nomen
726 1181 795 1225 mi
826 1179 1006 1225 indidit
1033 1197 1178 1241 parvo
1205 1191 1362 1242 pater:

253 1254 384 1323 Quia
410 1254 524 1298 inde
547 1255 646 1316 jam
676 1270 702 1298 a
732 1252 947 1314 pauxillo
979 1269 1131 1313 puero
1157 1252 1385 1300 ridiculus
1412 1254 1494 1302 fui.

253 1326 453 1387 Propter
473 1335 803 1387 paupertatem
825 1323 945 1369 adeo
973 1324 1064 1369 hoc
1084 1340 1265 1370 nomen
1286 1325 1439 1387 reperi
1451 1344 1467 1377 ;

253 1401 354 1456 Eo,
390 1400 501 1459 quia
530 1408 778 1459 paupertas
810 1397 921 1442 fecit
941 1427 956 1454 -‚
987 1397 1216 1444 ridiculus
1245 1396 1430 1445 forem:

254 1467 379 1520 Nain
403 1472 482 1517 illa
501 1473 654 1517 omnis
671 1481 788 1516 artes
802 1470 1057 1531 perdocet,
1080 1469 1165 1515 ubi
1193 1486 1342 1532 quem
1362 1470 1546 1536 adtigit.

255 1546 345 1591 Per
372 1561 612 1590 annonam
642 1560 795 1589 caram
827 1543 950 1589 dixit
983 1559 1062 1588 me
1091 1554 1261 1590 natum
1287 1554 1448 1604 pater:

257 1623 509 1682 Propterea
526 1655 539 1677 ,
567 1618 714 1664 credo
730 1653 744 1676 ,
771 1634 903 1664 nunc
935 1618 1088 1664 esurio
1114 1618 1273 1664 acrius.

259 1696 355 1742 Sed
383 1694 542 1758 generi
569 1704 730 1740 nostro
755 1693 868 1739 haec
902 1693 1087 1738 reddita
1110 1703 1177 1738 est
1199 1691 1492 1756 benignita,
1519 1752 1523 1755 Ι

261 1769 393 1815 Nulli
424 1784 595 1831 negare
630 1768 783 1822 soleo,
822 1766 858 1811 si
893 1766 999 1825 quis
1031 1781 1110 1812 me
1137 1775 1292 1811 vocat.

260 1843 431 1889 Oratio
464 1858 558 1887 una
590 1839 767 1886 interiit
802 1839 1060 1885 hominum
1087 1855 1338 1901 pessume,

260 1915 423 1975 Atque
440 1926 658 1975 optuma,
677 1913 834 1957 hercle
847 1947 859 1970 ‚
880 1928 990 1958 meo
1008 1913 1169 1958 animo
1183 1948 1196 1971 ,
1213 1924 1262 1959 et
1279 1911 1550 1969 scitis‘suma‚
1623 1975 1625 1977 ι

264 1992 374 2060 Qua
403 2002 512 2035 ante
541 1988 825 2045 utebantur,
857 1986 982 2035 Veni
1014 1989 1098 2035 illo
1118 1986 1194 2052 'ad
1224 2003 1451 2034 coenam:
1473 1982 1550 2033 Sic
1584 1979 1589 1984 ⁵

518 2061 644 2107 face!
1359 2108 1362 2109 γ

263 2136 495 2183 Promitte
521 2137 660 2183 vero!
695 2137 768 2184 Ne
796 2137 1005 2200 gravare!
1041 2137 1121 2182 Est
1145 2133 1498 2184 commodum?

265 2211 393 2258 Volo
412 2246 425 2269 ‚
456 2212 652 2272 inquam
669 2247 683 2268 ,
713 2211 840 2257 fieri!
873 2211 987 2256 Non
1009 2209 1249 2266 amittam,
1278 2207 1396 2268 quin
1420 2207 1515 2252 eas!

264 2284 406 2330 Nunc
436 2295 717 2345 repererunt
747 2283 789 2329 ei
817 2281 968 2328 verbo
1001 2281 1224 2328 vicarium
1243 2312 1257 2336 ‚

265 2354 414 2400 Nihili
444 2353 670 2417 quidem,
695 2354 885 2413 hercle,
917 2353 1119 2401 verbum
1145 2366 1197 2396 ac
1226 2350 1550 2411 vilissumum‚
