1690 2872
77 169 180 205 v.2
375 151 664 202 ACTUS
719 154 796 200 ΙΙ.
853 151 960 201 SC.
1011 154 1111 203 IV.
1266 164 1362 218 445⁴

79 263 262 310 Verum'
290 262 486 308 meliora
517 273 652 319 sunt,
691 277 837 322 quam
864 277 986 322 quae
1015 262 1296 308 deterruma.

77 335 171 383 Sed
210 337 304 382 hoc
345 353 498 381 unum
537 336 805 382 consolatur
844 351 923 381 me
957 346 1104 398 atque
1143 338 1363 385 animum

328 425 495 454 meum
513 442 527 466 ,

78 481 209 549 Quia
225 515 238 538 ,
259 481 343 542 qui
366 481 483 526 nihil
506 479 661 537 aliud,
687 480 775 526 nisi
802 480 939 541 quod
958 480 1046 526 sibi
1068 481 1155 527 soli
1176 483 1361 546 placet,

77 551 296 597 Consulit
323 551 578 597 advorsum
610 550 763 597 filiurn
783 585 796 608 ‚
827 568 970 615 nugas
1002 553 1120 614 agit:

77 622 220 669 Miser
248 637 307 668 ex
336 622 495 668 animo
522 622 599 668 fit:
627 621 791 669 factius
825 623 977 669 nihilo
1009 623 1131 670 facit.

80 692 203 739 Suae
235 696 467 741 senectuti
495 696 530 740 is
561 697 786 742 acriorem
814 697 1023 742 hiemem
1050 708 1182 759 parat
1202 732 1216 755 ,

77 768 247 837 Quom
265 767 403 814 illanc
424 769 733 830 inportunam
753 781 1082 832 tempestatem
1107 773 1302 818 conciet.

79 839 175 884 Sed
201 841 478 901 aperiuntur
511 843 678 900 aedes,
712 860 811 904 quo
833 843 989 889 ibam:
1017 845 1273 891 commode

73 911 181 973 Ipse
210 913 308 959 exit
338 913 629 961 Lesbonicus
662 931 775 962 cum
809 932 945 964 servo
982 915 1112 963 foras.

333 1063 813 1128 -SCENA
899 1083 1012 1131 IV.

73 1218 753 1258 LESBONIGUS,
822 1222 1357 1276 STASIMUS,

511 1317 920 1357 PHILTO.

395 1446 1019 1485 LESBONICUS.

74 1497 368 1610 MINUS
388 1563 667 1623 quindecim
686 1565 782 1611 dies
799 1578 935 1626 sunt,
955 1584 1107 1630 quom
1123 1586 1210 1632 pro
1230 1573 1357 1622 hisce

326 1636 519 1681 aedibus

73 1705 223 1752 Minas
254 1707 562 1773 quadraginta
590 1713 806 1774 accepisti
830 1731 857 1759 a
886 1714 1091 1763 Callicle.

75 1777 219 1824 Estne
243 1776 336 1824 hoc
357 1779 493 1839 quod
521 1781 627 1829 dico
640 1819 653 1841 ,
676 1784 906 1832 Stasime?

458 1875 481 1909 s
520 1876 552 1908 Τ
587 1876 622 1910 A
658 1876 681 1911 s
717 1879 738 1911 1
774 1880 817 1912 M
853 1880 888 1913 U
923 1880 959 1914 s.

207 1994 217 2003 .
883 1939 1053 2008 Quom
1076 1939 1353 2006 considero,j

71 1995 340 2043 Meminisse
373 1996 541 2045 videor
563 1999 675 2046 fieri.

391 2089 423 2122 L
458 2091 488 2123 E
525 2090 548 2124 s
587 2092 616 2123 B
653 2091 685 2124 o
723 2092 754 2124 N
793 2092 813 2123 1
850 2093 876 2124 c
914 2093 949 2125 U
987 2095 1024 2127 s.

696 2151 831 2218 Quid
853 2151 1030 2199 factum
1049 2155 1103 2200 ’st
1127 2157 1219 2203 eo?

463 2244 486 2277 s
525 2245 556 2278 T
592 2245 627 2278 A
665 2245 687 2278 s
723 2245 742 2278 1
779 2246 822 2278 M
859 2247 893 2279 u
929 2247 965 2280 s.

74 2300 331 2348 Comesu'm
341 2337 355 2362 ,
371 2314 628 2365 expotum,
646 2317 849 2352 exutum
864 2342 877 2364 ,
894 2309 1076 2355 elotum
1091 2312 1140 2358 in
1158 2313 1346 2362 balneis.

27 2370 29 2376 ’
66 2371 300 2435 Piscator,
330 2377 477 2438 pistor
502 2378 719 2439 abstulit,
738 2380 848 2427 lanii
865 2415 879 2440 ,
906 2384 1081 2444 coqui,
