1690 2872
311 143 406 204 ‘458
611 142 1266 189 TRINUMMUS.
1429 142 1592 205 v.189

313 254 388 302 En
418 269 650 314 umquam
679 250 896 312 aspiciam
928 249 1013 295 te?

704 336 726 369 S
764 336 794 369 T
829 337 863 369 A
900 335 921 368 S
958 336 979 368 1
1015 335 1058 368 M
1094 335 1128 368 U
1167 335 1204 368 S.

890 399 912 443 I
931 398 1079 443 modo
1093 432 1106 455 ,
1136 398 1151 443 i
1169 397 1317 444 modo
1333 431 1346 454 ,
1379 398 1395 443 i
1413 397 1558 443 modo
1579 398 1589 442 !

314 473 534 520 Tandem
560 472 795 533 inpetravi
824 467 984 517 abiret.
1015 471 1122 528 Dii,
1156 481 1363 517 vostram
1387 470 1559 528 fidem,

311 547 500 608 Edepol
530 562 595 616 τε.
609 556 732 609 gesta
763 560 979 605 pessume
1012 554 1187 608 gestam
1218 543 1400 604 probe,

313 617 561 679 Siquidem
587 633 692 680 ager
721 616 858 662 nobis
883 617 1030 662 salvos
1059 615 1148 662 est!
1180 615 1264 661 etsi
1291 612 1558 661 admodum

311 693 370 738 In
386 691 613 755 ambiguo
642 701 710 736 est
727 690 888 746 etiam,
919 706 1048 735 nunc
1073 689 1195 750 quid
1215 688 1275 735 de
1293 690 1377 735 hac
1399 705 1450 734 re
1474 687 1587 734 fuat.

312 765 408 811 Sed
437 765 474 810 si
506 766 764 820 alienatur,
794 774 954 808 actum
974 763 1029 808 ’st
1063 762 1125 807 de
1156 762 1281 807 collo
1313 777 1437 806 meo.

315 838 580 884 Gestandus
610 851 807 899 peregre
838 836 1059 898 clypeus,
1089 835 1246 898 galea,
1277 833 1481 879 sarcina:

313 911 520 975 Effugiet
550 927 610 956 ex
637 910 782 967 urbe,
815 908 900 954 ubi
933 918 1071 963 erunt
1101 906 1246 953 factae
1275 907 1498 968 nuptiae:

310 986 409 1032 Ibit
435 986 544 1031 istac
575 984 734 1044 aliquo
757 984 819 1028 'in
854 999 1131 1028 maxumam
1163 982 1338 1027 malam
1371 996 1562 1027 crucem

311 1057 667 1103 Latrocinatum
686 1089 699 1112 ,
730 1066 812 1100 aut
832 1056 882 1100 in
912 1054 1093 1111 Asiam,
1124 1066 1206 1100 aut
1232 1055 1283 1099 in
1303 1054 1525 1099 Ciliciam.

313 1129 404 1176 Ibo
429 1130 524 1175 huc
539 1163 554 1186 ,
581 1144 680 1189 quo
699 1126 817 1172 mihi
837 1127 1124 1188 imperatum
1143 1126 1196 1172 ’st
1212 1159 1227 1183 ,
1251 1125 1333 1171 etsi
1360 1124 1443 1171 odi
1472 1124 1594 1169 hanc

568 1199 796 1256 domum,

311 1274 571 1335 Postquam
599 1271 867 1319 exturbavit
889 1271 966 1317 hic
991 1287 1078 1317 nos
1110 1286 1169 1317 ex
1188 1269 1354 1316 nostris
1380 1267 1592 1316 aedibus,

597 1439 1051 1497 ACTUS
1140 1439 1328 1498 11.1.

693 1555 1202 1610 SCENA,I.

336 1678 963 1741 CALLlic'LES,
1023 1672 1589 1738 STASIMUSJ

676 1831 1240 1866 CALLICLES.

310 1887 470 2051 Qu
481 1965 513 1999 o
537 1952 686 1999 modo
702 1962 758 1997 tu
780 1952 898 1998 istuc
909 1986 922 2009 ,
937 1949 1153 2009 Stasime,
1171 1950 1364 1997 dixisti?
1381 1961 1595 1998 nostrum

570 2026 767 2072 herilem
802 2024 958 2071 filium

308 2100 631 2148 Lesbonicum
656 2119 788 2148 suam
810 2116 1022 2146 sororem
1043 2083 1411 2160 despopondisse
1425 2097 1448 2143 ?

704 2187 1204 2228 s’rAslMUs.

1293 2237 1590 2288 Hocmodo.

668 2323 696 2357 C
731 2321 767 2356 A
800 2322 832 2356 L
868 2323 899 2356 L
932 2323 956 2356 I
994 2323 1021 2356 C
1057 2321 1089 2356 L
1120 2320 1153 2355 E
1187 2319 1225 2353 S·

311 2383 443 2452 Quoi
463 2385 648 2432 homini
671 2383 958 2446 despondit?
