1630 2866
250 147 343 209 3ss
675 143 1102 194 RUDENs
1442 162 1537 210 aq

248 255 327 302 Ad
343 253 549 316 Gripum
580 262 635 298 ut
651 252 822 299 veniat.
855 268 957 299 non
980 251 1133 300 feretis
1149 253 1293 301 istum
1313 287 1328 313 ,
1361 265 1418 302 ut
1443 271 1536 318 po·-

469 347 471 349 ·
501 325 693 372 stulatis.

699 409 730 444 L
765 409 800 444 A
837 410 865 444 B
902 410 936 444 R
970 409 1005 442 A
1039 409 1092 443 X.

249 472 443 530 Meum,
477 471 635 518 hercle
649 506 662 529 ,
694 471 788 517 illic
804 471 951 517 homo
972 471 1198 518 vidulum
1216 472 1323 531 scit,
1353 473 1439 534 qui
1455 472 1537 519 ha-

502 545 615 602 bet,
642 556 698 590 ut
731 560 817 608 ego
849 545 1033 605 opinor.

248 617 515 664 Adeundus
538 617 656 663 mihi
672 618 766 665 illic
792 629 859 664 est
884 618 1049 666 homo.
1077 617 1186 677 Dii,
1206 634 1379 680 quaeso
1394 653 1408 679 ,
1423 620 1536 668 sub-

505 692 681 739 venite.

705 767 738 802 G
773 770 807 803 R
841 769 863 802 1
901 769 929 803 P
967 769 1004 802 U
1041 769 1080 804 S.

249 841 386 912 Quid
403 856 484 887 me
504 840 634 887 intro
651 841 869 888 revocas?
891 842 984 888 hoc
1004 842 1118 888 volo
1131 840 1209 889 hic
1230 851 1340 888 ante
1360 841 1536 888 ostium

504 925 755 978 extergere.

246 988 371 1034 Nam
406 987 496 1032 hoc
530 988 732 1047 quidem
767 989 850 1049 pol
882 1004 908 1034 e
940 988 1156 1052 robigine
1178 1022 1194 1046 ,
1228 1003 1331 1035 non
1357 1004 1384 1035 e
1413 986 1537 1035 ferro

505 1058 684 1105 factum
701 1060 780 1110 ’st3

246 1133 317 1177 Ita
347 1141 529 1192 quanto
570 1132 716 1194 magis
758 1141 980 1197 extergeo
1000 1165 1016 1191 ‚
1054 1132 1255 1181 rutilum
1288 1143 1434 1197 atque
1461 1144 1536 1181 te-

503 1203 644 1249 nuius
678 1204 745 1252 fit.

249 1275 374 1322 Nam
405 1276 607 1337 quidem
636 1276 729 1324 hoc
755 1275 880 1324 Vere
904 1288 1072 1324 natum
1091 1277 1147 1325 ’st
1169 1293 1362 1326 verum:
1391 1278 1457 1325 ita
1482 1279 1536 1326 in

500 1349 719 1396 manibus
746 1351 1048 1399 consenescit.

702 1443 1099 1479 LABRAX.

253 1504 568 1564 Adulescens,
592 1506 742 1553 salve!

706 1589 740 1622 G
775 1590 808 1623 R
843 1589 865 1622 1
902 1590 932 1623 P
967 1589 1004 1625 U
1040 1587 1080 1622 s.

508 1650 590 1698 Dii
608 1659 657 1697 te
679 1660 843 1697 ament
861 1664 973 1694 curn
996 1649 1149 1695 inraso
1178 1647 1340 1710 capite.

701 1743 1101 1781 LABRAx.

1277 1792 1534 1866 Quidfit?

701 1871 1080 1909 GRIPUS.²

247 1936 429 1984 Verum
458 1944 739 1998 extergetur.

694 2018 724 2051 L
762 2017 797 2050 A
838 2017 867 2050 Β
904 2018 940 2052 R
975 2016 1010 2050 A
1046 2016 1096 2052 x.

502 2080 569 2128 Ut
591 2080 714 2128 vales
726 2078 749 2125 Ρ

699 2173 732 2208 G
768 2174 803 2209 R
838 2173 861 2206 1
894 2172 924 2206 Ρ
963 2171 1000 2205 u
1037 2171 1079 2209 s.

573 2236 715 2306 Quid
733 2246 789 2282 tu
800 2236 822 2281 Ρ
837 2251 959 2285 num
973 2232 1185 2280 medicus
1196 2264 1209 2288 ‚
1229 2243 1402 2291 quaeso
1413 2262 1427 2288 ,
1446 2245 1492 2276 es
1504 2230 1529 2278 Ξ)

694 2329 725 2362 1.
763 2329 798 2361 A
833 2328 861 2361 Β
896 2328 931 2362 R
965 2325 1000 2360 A
1036 2326 1087 2361 x.

246 2388 404 2434 Immo
423 2388 593 2449 edepol
611 2403 706 2435 una
721 2388 852 2433 litera
867 2388 974 2448 plus
992 2400 1122 2441 sum,
1139 2397 1285 2444 quam
1300 2379 1526 2431 medicus·
