1630 2866
123 191 221 237 v,4
448 170 719 219 ACTUS
766 172 802 217 1.
844 169 945 218 sc,
996 171 1112 218 111.
1310 184 1401 233 ψ

123 287 183 333 In
216 286 408 332 incertas
432 283 643 348 regiones
660 319 673 340 ,
704 283 922 329 timidam
938 316 953 340 ,
989 276 1223 346 ejectam?

124 358 365 405 Hanccine
403 373 491 421 ego
525 355 586 401 ad
617 372 718 402 rem
753 368 913 403 natam
944 355 1159 402 miseram
1189 366 1268 398 me
1299 366 1402 396 me-

384 429 583 476 morabo
603 428 625 474 Ρ

126 502 370 549 Hanccine
403 518 490 565 ego
524 511 707 562 partem
741 497 875 559 capio
910 496 974 543 ob
1007 497 1235 558 pietatem
1268 513 1400 558 prae⁴

385 575 607 636 cipuam?

129 647 253 694 Nam
282 649 373 695 hoc
407 639 526 694 inihi
568 648 698 694 haud
733 647 883 694 labori
917 658 985 694 est
1025 648 1240 694 laborem
1273 646 1403 691 hunc

383 723 556 783 potiri,

128 794 177 842 Si
205 812 309 858 erga
336 807 580 857 parentem
608 805 690 841 aut
716 795 844 840 Deos
868 810 946 839 me
971 793 1173 855 inpiavi:

126 869 222 917 Sed
248 869 298 914 id
325 870 359 914 si
386 881 544 931 parate
578 869 735 916 curavi
763 879 821 915 ut
851 884 1063 915 caverem
1078 902 1093 924 ‚

128 939 260 986 Tum
286 941 378 986 hoc
405 942 524 987 mihi
557 941 815 998 indecore,
846 941 1039 1001 inique,
1069 937 1336 984 inmodeste

128 1011 260 1059 Datis
277 1048 291 1070 ,
309 1014 403 1060 Dii.
437 1031 550 1060 nam
576 1014 701 1074 quid
724 1014 971 1059 habebunt
993 1012 1082 1058 sibi
1106 1012 1247 1074 igitur
1270 1008 1387 1069 inpii

126 1085 351 1143 Posthac,
387 1088 423 1132 si
458 1087 520 1134 ad
548 1088 676 1133 hunc
705 1087 910 1133 modum
930 1088 985 1132 ’st
1018 1085 1223 1131 innoxiis
1251 1085 1403 1130 honor

125 1157 274 1220 Apud
305 1162 427 1207 vos?
455 1177 568 1207 nam
598 1177 678 1206 me
706 1161 742 1206 si
769 1161 910 1206 sciam
943 1159 1126 1216 fecisse,

126 1229 226 1277 Aut
256 1245 472 1294 parentes
499 1234 713 1290 sceleste,
753 1234 911 1278 minus
943 1249 1021 1278 me
1047 1233 1256 1277 miseret:

126 1304 223 1352 Sed
257 1293 412 1366 hest-le
442 1307 587 1351 scelus
622 1324 701 1353 me
732 1307 974 1352 sollicitat:
1014 1308 1111 1370 ejus
1145 1323 1223 1352 me
1252 1305 1403 1365 inpie‘

376 1388 443 1423 tas
472 1380 594 1424 male
1192 1424 1197 1429 .

118 1448 301 1498 ,Habet
332 1449 368 1493 is
391 1465 563 1494 navem
585 1460 729 1509 atque
757 1450 915 1494 omnia
937 1449 1143 1510 perdidit
1169 1450 1218 1494 in
1242 1449 1370 1493 mari.

132 1517 263 1564 Haec
280 1519 525 1564 bonorum
545 1520 642 1582 ejus
674 1530 784 1564 sunt
809 1520 1042 1579 reliquiae.
1078 1521 1247 1576 etiarn,
1284 1536 1406 1580 quae

246 1587 252 1593 “
381 1591 522 1636 simul

131 1661 276 1709 Vecta
310 1680 503 1709 mecum
534 1663 584 1708 in
613 1663 778 1726 scapha
796 1664 851 1709 ’st
869 1699 883 1722 ,
920 1664 1110 1710 excidit.
1149 1680 1236 1728 ego
1274 1680 1406 1710 nunc

224 1736 228 1738 ’
371 1738 481 1782 ‹sola
509 1753 624 1782 sum.

134 1808 272 1876 Quae
302 1809 338 1854 si
362 1809 479 1855 mihi
502 1809 624 1856 foret
656 1810 778 1854 salva
806 1809 995 1867 saltem,
1020 1807 1158 1854 labor

132 1881 307 1928 Lenior
334 1894 447 1929 esset
477 1883 554 1930 hic
586 1883 703 1929 mihi
738 1884 837 1947 ejus
868 1899 1021 1945 opera.
1120 1932 1128 1939 ,

132 1952 279 1999 Nunc
308 1970 454 2013 quam
480 1971 641 2015 spem,
676 1967 758 2001 aut
786 1972 959 2018 opem,
990 1965 1073 2001 aut
1095 1955 1258 2002 consili
1288 1956 1407 2017 quid

388 2037 617 2088 capessam
634 2029 656 2073 ?

134 2101 207 2146 Ita
234 2100 311 2144 hic
337 2100 441 2144 solis
473 2100 585 2144 locis
611 2101 856 2161 conpotita
879 2117 998 2146 sum.

138 2173 232 2219 Hic
266 2187 372 2217 saxa
401 2182 539 2228 sunt,
568 2172 643 2217 hic
674 2189 802 2221 mare
824 2183 982 2231 sonat,
1011 2187 1100 2220 nec
1126 2176 1380 2235 quisquam

139 2244 306 2291 Homo
330 2243 448 2289 mihi
471 2243 662 2289 obviam
693 2245 839 2290 venit.

134 2315 250 2362 Hoc
277 2316 413 2376 quod
436 2308 605 2362 induta
633 2333 765 2374 sum,
794 2334 1143 2379 summaeopes
1170 2318 1381 2379 oppido,

143 2386 243 2433 Nec
275 2388 415 2446 cibo,
443 2403 531 2434 nec
557 2389 666 2436 loco
684 2423 699 2447 ,
727 2401 849 2437 tecta
880 2407 981 2452 quo
1011 2392 1125 2448 sim,
1158 2392 1264 2438 scio.

1094 2473 1209 2543 924
