<?xml version="1.0" encoding="UTF-8"?>
<!DOCTYPE html PUBLIC "-//W3C//DTD XHTML 1.0 Transitional//EN"
    "http://www.w3.org/TR/xhtml1/DTD/xhtml1-transitional.dtd">
<html xmlns="http://www.w3.org/1999/xhtml" xml:lang="en" lang="en">
 <head>
  <title>
</title>
<meta http-equiv="Content-Type" content="text/html;charset=utf-8" />
  <meta name='ocr-system' content='tesseract 3.04.00' />
  <meta name='ocr-capabilities' content='ocr_page ocr_carea ocr_par ocr_line ocrx_word'/>
</head>
<body>
  <div class='ocr_page' id='page_1' title='image "./comoediaesuperst03plauuoft_0521.png"; bbox 0 0 1598 2814; ppageno 0'>
   <div class='ocr_carea' id='block_1_1' title="bbox 100 132 1389 221">
    <p class='ocr_par' dir='ltr' id='par_1_1' title="bbox 100 132 1389 221">
     <span class='ocr_line' id='line_1_1' title="bbox 100 132 1389 221; baseline -0.008 -5"><span class='ocrx_word' id='word_1_1' title='bbox 100 157 266 216; x_wconf 53' lang='lat' dir='ltr'>maa*</span> <span class='ocrx_word' id='word_1_2' title='bbox 434 161 732 210; x_wconf 75' lang='lat' dir='ltr'>Acrns</span> <span class='ocrx_word' id='word_1_3' title='bbox 779 132 1091 210; x_wconf 53' lang='lat' dir='ltr'>1.SC.1.&#39;</span> <span class='ocrx_word' id='word_1_4' title='bbox 1297 177 1389 221; x_wconf 75' lang='lat'>515</span> 
     </span>
    </p>
   </div>
   <div class='ocr_carea' id='block_1_2' title="bbox 94 270 1405 2508">
    <p class='ocr_par' dir='ltr' id='par_1_2' title="bbox 106 270 1184 332">
     <span class='ocr_line' id='line_1_2' title="bbox 106 270 1184 332; baseline -0.006 -12"><span class='ocrx_word' id='word_1_5' title='bbox 106 273 158 320; x_wconf 85' lang='lat' dir='ltr'>Si</span> <span class='ocrx_word' id='word_1_6' title='bbox 184 272 330 329; x_wconf 78' lang='lat' dir='ltr'>semel</span> <span class='ocrx_word' id='word_1_7' title='bbox 357 271 528 316; x_wconf 78' lang='lat' dir='ltr'>amoris</span> <span class='ocrx_word' id='word_1_8' title='bbox 555 271 789 332; x_wconf 86' lang='lat' dir='ltr'>poculum</span> <span class='ocrx_word' id='word_1_9' title='bbox 823 270 1003 330; x_wconf 89' lang='lat' dir='ltr'>accepit</span> <span class='ocrx_word' id='word_1_10' title='bbox 1028 285 1184 326; x_wconf 87' lang='lat' dir='ltr'>mere,</span> 
     </span>
    </p>

    <p class='ocr_par' dir='ltr' id='par_1_3' title="bbox 103 343 1227 480">
     <span class='ocr_line' id='line_1_3' title="bbox 103 343 1175 407; baseline -0.006 -14"><span class='ocrx_word' id='word_1_11' title='bbox 103 346 268 407; x_wconf 86' lang='lat' dir='ltr'>anue</span> <span class='ocrx_word' id='word_1_12' title='bbox 294 346 414 391; x_wconf 87' lang='lat' dir='ltr'>intra</span> <span class='ocrx_word' id='word_1_13' title='bbox 443 355 609 405; x_wconf 89' lang='lat' dir='ltr'>pectus</span> <span class='ocrx_word' id='word_1_14' title='bbox 637 360 685 389; x_wconf 88' lang='lat' dir='ltr'>se</span> <span class='ocrx_word' id='word_1_15' title='bbox 714 344 978 405; x_wconf 86' lang='lat' dir='ltr'>penetravit</span> <span class='ocrx_word' id='word_1_16' title='bbox 1007 343 1175 403; x_wconf 90' lang='lat' dir='ltr'>potio,</span> 
     </span>
     <span class='ocr_line' id='line_1_4' title="bbox 105 414 1227 480; baseline -0.005 -13"><span class='ocrx_word' id='word_1_17' title='bbox 105 419 362 480; x_wconf 84' lang='lat' dir='ltr'><strong>Extemplo</strong></span> <span class='ocrx_word' id='word_1_18' title='bbox 394 428 450 463; x_wconf 89' lang='lat' dir='ltr'>et·</span> <span class='ocrx_word' id='word_1_19' title='bbox 470 417 596 478; x_wconf 89' lang='lat' dir='ltr'>ipsus</span> <span class='ocrx_word' id='word_1_20' title='bbox 625 417 795 478; x_wconf 89' lang='lat' dir='ltr'>periit,</span> <span class='ocrx_word' id='word_1_21' title='bbox 829 427 878 462; x_wconf 90' lang='lat' dir='ltr'>et</span> <span class='ocrx_word' id='word_1_22' title='bbox 902 432 999 472; x_wconf 86' lang='lat' dir='ltr'>res,</span> <span class='ocrx_word' id='word_1_23' title='bbox 1030 426 1078 461; x_wconf 90' lang='lat' dir='ltr'>et</span> <span class='ocrx_word' id='word_1_24' title='bbox 1097 414 1227 461; x_wconf 75' lang='lat' dir='ltr'>fides·</span> 
     </span>
    </p>

    <p class='ocr_par' dir='ltr' id='par_1_4' title="bbox 108 488 1163 546">
     <span class='ocr_line' id='line_1_5' title="bbox 108 488 1163 546; baseline -0.003 -9"><span class='ocrx_word' id='word_1_25' title='bbox 108 491 159 538; x_wconf 82' lang='lat' dir='ltr'>Si</span> <span class='ocrx_word' id='word_1_26' title='bbox 187 492 360 536; x_wconf 86' lang='lat' dir='ltr'>iratum</span> <span class='ocrx_word' id='word_1_27' title='bbox 378 491 432 535; x_wconf 88' lang='lat' dir='ltr'>’st</span> <span class='ocrx_word' id='word_1_28' title='bbox 453 502 661 536; x_wconf 87' lang='lat' dir='ltr'>scortum</span> <span class='ocrx_word' id='word_1_29' title='bbox 682 488 804 535; x_wconf 86' lang='lat' dir='ltr'>forte</span> <span class='ocrx_word' id='word_1_30' title='bbox 825 489 1018 535; x_wconf 86' lang='lat' dir='ltr'>amatori</span> <span class='ocrx_word' id='word_1_31' title='bbox 1043 505 1131 534; x_wconf 77' lang='lat' dir='ltr'>suo</span> <span class='ocrx_word' id='word_1_32' title='bbox 1148 522 1163 546; x_wconf 92' lang='lat'><strong>,</strong></span> 
     </span>
    </p>

    <p class='ocr_par' dir='ltr' id='par_1_5' title="bbox 105 560 1306 696">
     <span class='ocr_line' id='line_1_6' title="bbox 105 560 1306 623; baseline -0.001 -15"><span class='ocrx_word' id='word_1_33' title='bbox 105 562 182 608; x_wconf 88' lang='lat' dir='ltr'>Bis</span> <span class='ocrx_word' id='word_1_34' title='bbox 218 561 360 623; x_wconf 88' lang='lat' dir='ltr'>periit</span> <span class='ocrx_word' id='word_1_35' title='bbox 377 571 592 618; x_wconf 79' lang='lat' dir='ltr'>amator,</span> <span class='ocrx_word' id='word_1_36' title='bbox 623 561 684 608; x_wconf 89' lang='lat' dir='ltr'>ab</span> <span class='ocrx_word' id='word_1_37' title='bbox 706 577 756 606; x_wconf 85' lang='lat' dir='ltr'>re</span> <span class='ocrx_word' id='word_1_38' title='bbox 782 572 929 622; x_wconf 87' lang='lat' dir='ltr'>atque</span> <span class='ocrx_word' id='word_1_39' title='bbox 957 561 1119 607; x_wconf 86' lang='lat' dir='ltr'>animo</span> <span class='ocrx_word' id='word_1_40' title='bbox 1153 560 1306 607; x_wconf 87' lang='lat' dir='ltr'>simul.</span> 
     </span>
     <span class='ocr_line' id='line_1_7' title="bbox 110 634 1140 696; baseline -0.005 -13"><span class='ocrx_word' id='word_1_41' title='bbox 110 637 194 683; x_wconf 87' lang='lat' dir='ltr'>Sin</span> <span class='ocrx_word' id='word_1_42' title='bbox 219 637 334 681; x_wconf 82' lang='lat' dir='ltr'>alter</span> <span class='ocrx_word' id='word_1_43' title='bbox 363 635 495 681; x_wconf 85' lang='lat' dir='ltr'>alteri</span> <span class='ocrx_word' id='word_1_44' title='bbox 523 635 683 696; x_wconf 90' lang='lat' dir='ltr'>potior</span> <span class='ocrx_word' id='word_1_45' title='bbox 710 646 778 681; x_wconf 88' lang='lat' dir='ltr'>est</span> <span class='ocrx_word' id='word_1_46' title='bbox 796 669 812 693; x_wconf 89' lang='lat'>‚</span> <span class='ocrx_word' id='word_1_47' title='bbox 840 635 971 681; x_wconf 91' lang='lat' dir='ltr'>idem</span> <span class='ocrx_word' id='word_1_48' title='bbox 993 634 1140 696; x_wconf 88' lang='lat' dir='ltr'>perit:</span> 
     </span>
    </p>

    <p class='ocr_par' dir='ltr' id='par_1_6' title="bbox 111 707 1142 770">
     <span class='ocr_line' id='line_1_8' title="bbox 111 707 1142 770; baseline -0.005 -13"><span class='ocrx_word' id='word_1_49' title='bbox 111 711 159 758; x_wconf 82' lang='lat' dir='ltr'>Si</span> <span class='ocrx_word' id='word_1_50' title='bbox 186 728 303 756; x_wconf 84' lang='lat' dir='ltr'>raras</span> <span class='ocrx_word' id='word_1_51' title='bbox 333 721 497 756; x_wconf 89' lang='lat' dir='ltr'>noctes</span> <span class='ocrx_word' id='word_1_52' title='bbox 531 710 690 766; x_wconf 82' lang='lat' dir='ltr'>ducit,</span> <span class='ocrx_word' id='word_1_53' title='bbox 721 710 780 755; x_wconf 94' lang='lat' dir='ltr'>ab</span> <span class='ocrx_word' id='word_1_54' title='bbox 809 709 968 754; x_wconf 87' lang='lat' dir='ltr'>animo</span> <span class='ocrx_word' id='word_1_55' title='bbox 994 707 1142 770; x_wconf 85' lang='lat' dir='ltr'>perit:</span> 
     </span>
    </p>

    <p class='ocr_par' dir='ltr' id='par_1_7' title="bbox 94 780 1129 916">
     <span class='ocr_line' id='line_1_9' title="bbox 108 780 1129 845; baseline -0.004 -16"><span class='ocrx_word' id='word_1_56' title='bbox 108 783 160 829; x_wconf 86' lang='lat' dir='ltr'>Si</span> <span class='ocrx_word' id='word_1_57' title='bbox 186 782 488 832; x_wconf 82' lang='lat' dir='ltr'>increbravit3</span> <span class='ocrx_word' id='word_1_58' title='bbox 515 783 639 842; x_wconf 86' lang='lat' dir='ltr'>ipsus</span> <span class='ocrx_word' id='word_1_59' title='bbox 661 782 866 845; x_wconf 80' lang='lat' dir='ltr'>gaudet,</span> <span class='ocrx_word' id='word_1_60' title='bbox 890 797 960 826; x_wconf 85' lang='lat' dir='ltr'>res</span> <span class='ocrx_word' id='word_1_61' title='bbox 991 780 1129 841; x_wconf 88' lang='lat' dir='ltr'>perit.</span> 
     </span>
     <span class='ocr_line' id='line_1_10' title="bbox 94 854 1044 916; baseline 0 -16"><span class='ocrx_word' id='word_1_62' title='bbox 94 854 186 900; x_wconf 60' lang='lat' dir='ltr'>‘Ita</span> <span class='ocrx_word' id='word_1_63' title='bbox 208 854 450 916; x_wconf 79' lang='lat' dir='ltr'>disciplina</span> <span class='ocrx_word' id='word_1_64' title='bbox 471 855 522 899; x_wconf 89' lang='lat' dir='ltr'>in</span> <span class='ocrx_word' id='word_1_65' title='bbox 547 855 720 901; x_wconf 89' lang='lat' dir='ltr'>aedibu</span> <span class='ocrx_word' id='word_1_66' title='bbox 738 856 791 901; x_wconf 91' lang='lat' dir='ltr'>’st</span> <span class='ocrx_word' id='word_1_67' title='bbox 813 854 1013 901; x_wconf 79' lang='lat' dir='ltr'>lenoniis</span> <span class='ocrx_word' id='word_1_68' title='bbox 1029 888 1044 911; x_wconf 92' lang='lat'><strong>,</strong></span> 
     </span>
    </p>

    <p class='ocr_par' dir='ltr' id='par_1_8' title="bbox 113 928 1394 988">
     <span class='ocr_line' id='line_1_11' title="bbox 113 928 1394 988; baseline -0.003 -15"><span class='ocrx_word' id='word_1_69' title='bbox 113 928 394 988; x_wconf 85' lang='lat' dir='ltr'><strong>Priusquam</strong></span> <span class='ocrx_word' id='word_1_70' title='bbox 417 945 567 973; x_wconf 89' lang='lat' dir='ltr'>unum</span> <span class='ocrx_word' id='word_1_71' title='bbox 592 928 801 985; x_wconf 88' lang='lat' dir='ltr'>dederis,</span> <span class='ocrx_word' id='word_1_72' title='bbox 829 939 1022 974; x_wconf 88' lang='lat' dir='ltr'>centum</span> <span class='ocrx_word' id='word_1_73' title='bbox 1045 942 1169 987; x_wconf 88' lang='lat' dir='ltr'>quae</span> <span class='ocrx_word' id='word_1_74' title='bbox 1202 934 1362 986; x_wconf 86' lang='lat' dir='ltr'>poscat</span> <span class='ocrx_word' id='word_1_75' title='bbox 1377 955 1394 980; x_wconf 91' lang='lat'><strong><em>‚</em></strong></span> 
     </span>
    </p>

    <p class='ocr_par' dir='ltr' id='par_1_9' title="bbox 369 1012 514 1062">
     <span class='ocr_line' id='line_1_12' title="bbox 369 1012 514 1062; baseline 0 -17"><span class='ocrx_word' id='word_1_76' title='bbox 369 1012 514 1062; x_wconf 87' lang='lat' dir='ltr'>parat.</span> 
     </span>
    </p>

    <p class='ocr_par' dir='ltr' id='par_1_10' title="bbox 115 1071 1252 1135">
     <span class='ocr_line' id='line_1_13' title="bbox 115 1071 1252 1135; baseline -0.002 -17"><span class='ocrx_word' id='word_1_77' title='bbox 115 1071 215 1118; x_wconf 83' lang='lat' dir='ltr'>Aut</span> <span class='ocrx_word' id='word_1_78' title='bbox 229 1085 400 1118; x_wconf 82' lang='lat' dir='ltr'>aurum</span> <span class='ocrx_word' id='word_1_79' title='bbox 421 1072 565 1135; x_wconf 84' lang='lat' dir='ltr'>periit</span> <span class='ocrx_word' id='word_1_80' title='bbox 578 1107 593 1129; x_wconf 91' lang='lat'>,</span> <span class='ocrx_word' id='word_1_81' title='bbox 617 1083 701 1118; x_wconf 90' lang='lat' dir='ltr'>aut</span> <span class='ocrx_word' id='word_1_82' title='bbox 727 1071 951 1118; x_wconf 84' lang='lat' dir='ltr'>conscissa</span> <span class='ocrx_word' id='word_1_83' title='bbox 972 1072 1147 1133; x_wconf 88' lang='lat' dir='ltr'>pallula</span> <span class='ocrx_word' id='word_1_84' title='bbox 1166 1072 1221 1117; x_wconf 90' lang='lat' dir='ltr'>’st</span> <span class='ocrx_word' id='word_1_85' title='bbox 1236 1105 1252 1128; x_wconf 93' lang='lat'>‚</span> 
     </span>
    </p>

    <p class='ocr_par' dir='ltr' id='par_1_11' title="bbox 114 1143 1399 1646">
     <span class='ocr_line' id='line_1_14' title="bbox 115 1143 1399 1207; baseline -0.001 -17"><span class='ocrx_word' id='word_1_86' title='bbox 115 1143 215 1190; x_wconf 90' lang='lat' dir='ltr'>Aut</span> <span class='ocrx_word' id='word_1_87' title='bbox 237 1154 363 1191; x_wconf 91' lang='lat' dir='ltr'>emta</span> <span class='ocrx_word' id='word_1_88' title='bbox 379 1145 570 1203; x_wconf 86' lang='lat' dir='ltr'>ancilla,</span> <span class='ocrx_word' id='word_1_89' title='bbox 593 1158 675 1191; x_wconf 90' lang='lat' dir='ltr'>aut</span> <span class='ocrx_word' id='word_1_90' title='bbox 694 1146 895 1206; x_wconf 88' lang='lat' dir='ltr'>aliquod</span> <span class='ocrx_word' id='word_1_91' title='bbox 914 1162 1078 1192; x_wconf 85' lang='lat' dir='ltr'>vasum</span> <span class='ocrx_word' id='word_1_92' title='bbox 1097 1151 1399 1207; x_wconf 73' lang='lat' dir='ltr'>argenteum;</span> 
     </span>
     <span class='ocr_line' id='line_1_15' title="bbox 115 1216 1397 1279; baseline 0 -16"><span class='ocrx_word' id='word_1_93' title='bbox 115 1216 217 1264; x_wconf 88' lang='lat' dir='ltr'>Aut</span> <span class='ocrx_word' id='word_1_94' title='bbox 234 1234 397 1264; x_wconf 86' lang='lat' dir='ltr'>vasum</span> <span class='ocrx_word' id='word_1_95' title='bbox 420 1218 631 1265; x_wconf 90' lang='lat' dir='ltr'>ahenum</span> <span class='ocrx_word' id='word_1_96' title='bbox 652 1219 851 1279; x_wconf 80' lang='lat' dir='ltr'>aliquod</span> <span class='ocrx_word' id='word_1_97' title='bbox 865 1235 890 1276; x_wconf 87' lang='grc'>,·</span> <span class='ocrx_word' id='word_1_98' title='bbox 904 1230 986 1264; x_wconf 90' lang='lat' dir='ltr'>aut</span> <span class='ocrx_word' id='word_1_99' title='bbox 1008 1220 1156 1266; x_wconf 89' lang='lat' dir='ltr'>lectus</span> <span class='ocrx_word' id='word_1_100' title='bbox 1181 1218 1365 1279; x_wconf 82' lang='lat' dir='ltr'>dapsilis</span> <span class='ocrx_word' id='word_1_101' title='bbox 1381 1252 1397 1276; x_wconf 85' lang='lat'>‚</span> 
     </span>
     <span class='ocr_line' id='line_1_16' title="bbox 114 1290 1302 1352; baseline 0 -16"><span class='ocrx_word' id='word_1_102' title='bbox 114 1290 216 1336; x_wconf 90' lang='lat' dir='ltr'>Aut</span> <span class='ocrx_word' id='word_1_103' title='bbox 234 1290 476 1337; x_wconf 85' lang='lat' dir='ltr'>armariola</span> <span class='ocrx_word' id='word_1_104' title='bbox 495 1291 693 1347; x_wconf 83' lang='lat' dir='ltr'>Graeca,</span> <span class='ocrx_word' id='word_1_105' title='bbox 714 1303 795 1336; x_wconf 88' lang='lat' dir='ltr'>aut</span> <span class='ocrx_word' id='word_1_106' title='bbox 814 1291 996 1351; x_wconf 89' lang='lat' dir='ltr'>aliquid</span> <span class='ocrx_word' id='word_1_107' title='bbox 1023 1307 1205 1352; x_wconf 88' lang='lat' dir='ltr'><strong>semper</strong></span> <span class='ocrx_word' id='word_1_108' title='bbox 1234 1301 1302 1336; x_wconf 88' lang='lat' dir='ltr'>est</span> 
     </span>
     <span class='ocr_line' id='line_1_17' title="bbox 117 1363 1298 1431; baseline -0.001 -23"><span class='ocrx_word' id='word_1_109' title='bbox 117 1363 272 1431; x_wconf 70' lang='lat' dir='ltr'>Quod</span> <span class='ocrx_word' id='word_1_110' title='bbox 300 1374 492 1423; x_wconf 87' lang='lat' dir='ltr'>pereat,</span> <span class='ocrx_word' id='word_1_111' title='bbox 525 1363 796 1423; x_wconf 84' lang='lat' dir='ltr'>debeatque</span> <span class='ocrx_word' id='word_1_112' title='bbox 826 1380 984 1408; x_wconf 89' lang='lat' dir='ltr'>amans</span> <span class='ocrx_word' id='word_1_113' title='bbox 1015 1375 1169 1411; x_wconf 84' lang='lat' dir='ltr'>scorto</span> <span class='ocrx_word' id='word_1_114' title='bbox 1197 1380 1298 1409; x_wconf 93' lang='lat' dir='ltr'>suo</span> 
     </span>
     <span class='ocr_line' id='line_1_18' title="bbox 118 1426 1334 1495; baseline 0.001 -14"><span class='ocrx_word' id='word_1_115' title='bbox 118 1435 280 1495; x_wconf 86' lang='lat' dir='ltr'><strong>Atque</strong></span> <span class='ocrx_word' id='word_1_116' title='bbox 305 1436 418 1481; x_wconf 83' lang='lat' dir='ltr'>haec</span> <span class='ocrx_word' id='word_1_117' title='bbox 437 1437 641 1484; x_wconf 85' lang='lat' dir='ltr'>celamus</span> <span class='ocrx_word' id='word_1_118' title='bbox 659 1454 753 1482; x_wconf 86' lang='lat' dir='ltr'>nos</span> <span class='ocrx_word' id='word_1_119' title='bbox 771 1438 971 1494; x_wconf 88' lang='lat' dir='ltr'>damna,</span> <span class='ocrx_word' id='word_1_120' title='bbox 991 1455 1086 1483; x_wconf 86' lang='lat' dir='ltr'>una</span> <span class='ocrx_word' id='word_1_121' title='bbox 1103 1426 1334 1483; x_wconf 82' lang='lat' dir='ltr'>industria</span> 
     </span>
     <span class='ocr_line' id='line_1_19' title="bbox 121 1508 1395 1574; baseline 0.003 -22"><span class='ocrx_word' id='word_1_122' title='bbox 121 1509 296 1574; x_wconf 72' lang='lat' dir='ltr'>Quom</span> <span class='ocrx_word' id='word_1_123' title='bbox 316 1524 418 1553; x_wconf 83' lang='lat' dir='ltr'>rem</span> <span class='ocrx_word' id='word_1_124' title='bbox 436 1508 681 1569; x_wconf 90' lang='lat' dir='ltr'>fidemque</span> <span class='ocrx_word' id='word_1_125' title='bbox 703 1525 887 1569; x_wconf 90' lang='lat' dir='ltr'>nosque</span> <span class='ocrx_word' id='word_1_126' title='bbox 911 1522 1098 1555; x_wconf 87' lang='lat' dir='ltr'>nosmet</span> <span class='ocrx_word' id='word_1_127' title='bbox 1119 1512 1365 1570; x_wconf 82' lang='lat' dir='ltr'>perdimus</span> <span class='ocrx_word' id='word_1_128' title='bbox 1379 1543 1395 1568; x_wconf 83' lang='lat'><strong>,</strong></span> 
     </span>
     <span class='ocr_line' id='line_1_20' title="bbox 120 1579 1203 1646; baseline 0.004 -22"><span class='ocrx_word' id='word_1_129' title='bbox 120 1579 196 1625; x_wconf 90' lang='lat' dir='ltr'>Ne</span> <span class='ocrx_word' id='word_1_130' title='bbox 223 1579 344 1640; x_wconf 80' lang='lat' dir='ltr'>quid</span> <span class='ocrx_word' id='word_1_131' title='bbox 373 1592 613 1641; x_wconf 87' lang='lat' dir='ltr'>parentes,</span> <span class='ocrx_word' id='word_1_132' title='bbox 643 1598 742 1627; x_wconf 91' lang='lat' dir='ltr'>neu</span> <span class='ocrx_word' id='word_1_133' title='bbox 768 1583 956 1646; x_wconf 84' lang='lat' dir='ltr'>cognati</span> <span class='ocrx_word' id='word_1_134' title='bbox 988 1583 1203 1628; x_wconf 89' lang='lat' dir='ltr'>sentiant.</span> 
     </span>
    </p>

    <p class='ocr_par' dir='ltr' id='par_1_12' title="bbox 125 1651 1269 1719">
     <span class='ocr_line' id='line_1_21' title="bbox 125 1651 1269 1719; baseline 0.003 -22"><span class='ocrx_word' id='word_1_135' title='bbox 125 1651 265 1719; x_wconf 73' lang='lat' dir='ltr'>Quos</span> <span class='ocrx_word' id='word_1_136' title='bbox 292 1668 446 1712; x_wconf 90' lang='lat' dir='ltr'>quom</span> <span class='ocrx_word' id='word_1_137' title='bbox 470 1654 700 1709; x_wconf 76' lang='lat' dir='ltr'>celamu3‚</span> <span class='ocrx_word' id='word_1_138' title='bbox 730 1653 766 1697; x_wconf 88' lang='lat' dir='ltr'>si</span> <span class='ocrx_word' id='word_1_139' title='bbox 792 1653 993 1700; x_wconf 85' lang='lat' dir='ltr'>faximus</span> <span class='ocrx_word' id='word_1_140' title='bbox 1024 1655 1233 1700; x_wconf 88' lang='lat' dir='ltr'>conscios</span> <span class='ocrx_word' id='word_1_141' title='bbox 1252 1688 1269 1712; x_wconf 87' lang='lat'>‚</span> 
     </span>
    </p>

    <p class='ocr_par' dir='ltr' id='par_1_13' title="bbox 125 1724 1249 1862">
     <span class='ocr_line' id='line_1_22' title="bbox 125 1724 1249 1792; baseline 0.004 -24"><span class='ocrx_word' id='word_1_142' title='bbox 125 1724 229 1792; x_wconf 75' lang='lat' dir='ltr'>Qui</span> <span class='ocrx_word' id='word_1_143' title='bbox 259 1727 445 1770; x_wconf 84' lang='lat' dir='ltr'>nostrae</span> <span class='ocrx_word' id='word_1_144' title='bbox 474 1725 616 1771; x_wconf 88' lang='lat' dir='ltr'>aetati</span> <span class='ocrx_word' id='word_1_145' title='bbox 643 1727 927 1788; x_wconf 89' lang='lat' dir='ltr'>tempestivo</span> <span class='ocrx_word' id='word_1_146' title='bbox 960 1728 1249 1789; x_wconf 58' lang='lat' dir='ltr'>temperint‘,</span> 
     </span>
     <span class='ocr_line' id='line_1_23' title="bbox 126 1796 1172 1862; baseline 0.004 -20"><span class='ocrx_word' id='word_1_147' title='bbox 126 1796 268 1842; x_wconf 88' lang='lat' dir='ltr'>Unde</span> <span class='ocrx_word' id='word_1_148' title='bbox 297 1809 539 1859; x_wconf 85' lang='lat' dir='ltr'>anteparta</span> <span class='ocrx_word' id='word_1_149' title='bbox 570 1798 738 1846; x_wconf 86' lang='lat' dir='ltr'>demus</span> <span class='ocrx_word' id='word_1_150' title='bbox 771 1801 1142 1862; x_wconf 81' lang='lat' dir='ltr'>postpartoribus</span> <span class='ocrx_word' id='word_1_151' title='bbox 1156 1835 1172 1858; x_wconf 89' lang='lat'>‚</span> 
     </span>
    </p>

    <p class='ocr_par' dir='ltr' id='par_1_14' title="bbox 127 1867 1405 2006">
     <span class='ocr_line' id='line_1_24' title="bbox 127 1867 1403 1936; baseline 0.006 -25"><span class='ocrx_word' id='word_1_152' title='bbox 127 1867 293 1912; x_wconf 83' lang='lat' dir='ltr'>Faxim</span> <span class='ocrx_word' id='word_1_153' title='bbox 316 1869 550 1915; x_wconf 88' lang='lat' dir='ltr'>lenonum</span> <span class='ocrx_word' id='word_1_154' title='bbox 573 1882 622 1917; x_wconf 90' lang='lat' dir='ltr'>et</span> <span class='ocrx_word' id='word_1_155' title='bbox 644 1885 906 1920; x_wconf 82' lang='lat' dir='ltr'>scortorum</span> <span class='ocrx_word' id='word_1_156' title='bbox 926 1885 982 1920; x_wconf 90' lang='lat' dir='ltr'>ut</span> <span class='ocrx_word' id='word_1_157' title='bbox 999 1876 1104 1936; x_wconf 92' lang='lat' dir='ltr'>plus</span> <span class='ocrx_word' id='word_1_158' title='bbox 1127 1885 1217 1931; x_wconf 85' lang='lat' dir='ltr'>est,</span> <span class='ocrx_word' id='word_1_159' title='bbox 1244 1874 1403 1919; x_wconf 85' lang='lat' dir='ltr'>minus</span> 
     </span>
     <span class='ocr_line' id='line_1_25' title="bbox 128 1938 1405 2006; baseline 0.005 -20"><span class='ocrx_word' id='word_1_160' title='bbox 128 1940 191 1986; x_wconf 82' lang='lat' dir='ltr'>Et</span> <span class='ocrx_word' id='word_1_161' title='bbox 223 1938 381 1985; x_wconf 88' lang='lat' dir='ltr'>minus</span> <span class='ocrx_word' id='word_1_162' title='bbox 414 1940 751 1989; x_wconf 84' lang='lat' dir='ltr'>damnosorum</span> <span class='ocrx_word' id='word_1_163' title='bbox 779 1945 1035 1992; x_wconf 89' lang='lat' dir='ltr'>hominum</span> <span class='ocrx_word' id='word_1_164' title='bbox 1054 1981 1068 2004; x_wconf 86' lang='lat'>‚</span> <span class='ocrx_word' id='word_1_165' title='bbox 1102 1963 1250 2006; x_wconf 86' lang='lat' dir='ltr'>quam</span> <span class='ocrx_word' id='word_1_166' title='bbox 1273 1962 1405 1993; x_wconf 88' lang='lat' dir='ltr'>nunc</span> 
     </span>
    </p>

    <p class='ocr_par' dir='ltr' id='par_1_15' title="bbox 380 2027 649 2072">
     <span class='ocr_line' id='line_1_26' title="bbox 380 2027 649 2072; baseline 0.007 -12"><span class='ocrx_word' id='word_1_167' title='bbox 380 2027 516 2072; x_wconf 83' lang='lat' dir='ltr'>sunt,</span> <span class='ocrx_word' id='word_1_168' title='bbox 551 2027 649 2062; x_wconf 72' lang='lat' dir='ltr'>met.</span> 
     </span>
    </p>

    <p class='ocr_par' dir='ltr' id='par_1_16' title="bbox 129 2087 1402 2366">
     <span class='ocr_line' id='line_1_27' title="bbox 129 2087 1371 2152; baseline 0.006 -21"><span class='ocrx_word' id='word_1_169' title='bbox 129 2087 252 2132; x_wconf 88' lang='lat' dir='ltr'>Nam</span> <span class='ocrx_word' id='word_1_170' title='bbox 275 2103 405 2133; x_wconf 92' lang='lat' dir='ltr'>nunc</span> <span class='ocrx_word' id='word_1_171' title='bbox 426 2089 660 2134; x_wconf 88' lang='lat' dir='ltr'>lenonum</span> <span class='ocrx_word' id='word_1_172' title='bbox 681 2100 728 2134; x_wconf 90' lang='lat' dir='ltr'>et</span> <span class='ocrx_word' id='word_1_173' title='bbox 751 2101 1012 2136; x_wconf 88' lang='lat' dir='ltr'>scortorum</span> <span class='ocrx_word' id='word_1_174' title='bbox 1030 2092 1136 2152; x_wconf 87' lang='lat' dir='ltr'>plus</span> <span class='ocrx_word' id='word_1_175' title='bbox 1162 2103 1228 2137; x_wconf 90' lang='lat' dir='ltr'>est</span> <span class='ocrx_word' id='word_1_176' title='bbox 1245 2091 1342 2138; x_wconf 87' lang='lat' dir='ltr'>fere</span> <span class='ocrx_word' id='word_1_177' title='bbox 1355 2127 1371 2151; x_wconf 91' lang='lat'>,</span> 
     </span>
     <span class='ocr_line' id='line_1_28' title="bbox 133 2161 1402 2228; baseline 0.007 -23"><span class='ocrx_word' id='word_1_178' title='bbox 133 2161 297 2228; x_wconf 76' lang='lat' dir='ltr'>Quam</span> <span class='ocrx_word' id='word_1_179' title='bbox 312 2161 429 2206; x_wconf 92' lang='lat' dir='ltr'>olim</span> <span class='ocrx_word' id='word_1_180' title='bbox 444 2163 790 2220; x_wconf 85' lang='lat' dir='ltr'>muscarum&#39;st,</span> <span class='ocrx_word' id='word_1_181' title='bbox 802 2180 955 2224; x_wconf 89' lang='lat' dir='ltr'>quom</span> <span class='ocrx_word' id='word_1_182' title='bbox 971 2166 1149 2209; x_wconf 86' lang='lat' dir='ltr'>caletur</span> <span class='ocrx_word' id='word_1_183' title='bbox 1164 2181 1402 2214; x_wconf 83' lang='lat' dir='ltr'>maxume.</span> 
     </span>
     <span class='ocr_line' id='line_1_29' title="bbox 130 2231 1361 2300; baseline 0.006 -24"><span class='ocrx_word' id='word_1_184' title='bbox 130 2231 254 2276; x_wconf 88' lang='lat' dir='ltr'>Nam</span> <span class='ocrx_word' id='word_1_185' title='bbox 273 2247 509 2293; x_wconf 84' lang='lat' dir='ltr'>nusquam</span> <span class='ocrx_word' id='word_1_186' title='bbox 531 2233 643 2278; x_wconf 89' lang='lat' dir='ltr'>alibi</span> <span class='ocrx_word' id='word_1_187' title='bbox 661 2234 697 2278; x_wconf 91' lang='lat' dir='ltr'>si</span> <span class='ocrx_word' id='word_1_188' title='bbox 724 2246 859 2291; x_wconf 82' lang='lat' dir='ltr'>sunt,</span> <span class='ocrx_word' id='word_1_189' title='bbox 882 2236 1061 2281; x_wconf 89' lang='lat' dir='ltr'>circum</span> <span class='ocrx_word' id='word_1_190' title='bbox 1083 2240 1361 2300; x_wconf 86' lang='lat' dir='ltr'>argentarias</span> 
     </span>
     <span class='ocr_line' id='line_1_30' title="bbox 138 2301 1119 2366; baseline 0.004 -19"><span class='ocrx_word' id='word_1_191' title='bbox 138 2301 289 2348; x_wconf 90' lang='lat' dir='ltr'>Scorti</span> <span class='ocrx_word' id='word_1_192' title='bbox 310 2303 502 2349; x_wconf 87' lang='lat' dir='ltr'>lenones</span> <span class='ocrx_word' id='word_1_193' title='bbox 533 2306 663 2366; x_wconf 85' lang='lat' dir='ltr'>quasi</span> <span class='ocrx_word' id='word_1_194' title='bbox 692 2306 857 2350; x_wconf 86' lang='lat' dir='ltr'>sedent</span> <span class='ocrx_word' id='word_1_195' title='bbox 887 2306 1119 2366; x_wconf 86' lang='lat' dir='ltr'>quotidie.</span> 
     </span>
    </p>

    <p class='ocr_par' dir='ltr' id='par_1_17' title="bbox 136 2373 1287 2441">
     <span class='ocr_line' id='line_1_31' title="bbox 136 2373 1287 2441; baseline 0.007 -22"><span class='ocrx_word' id='word_1_196' title='bbox 136 2373 202 2420; x_wconf 84' lang='lat' dir='ltr'>Ea</span> <span class='ocrx_word' id='word_1_197' title='bbox 222 2375 367 2421; x_wconf 85' lang='lat' dir='ltr'>nimia</span> <span class='ocrx_word' id='word_1_198' title='bbox 398 2387 466 2424; x_wconf 82' lang='lat' dir='ltr'>est</span> <span class='ocrx_word' id='word_1_199' title='bbox 492 2378 635 2430; x_wconf 88' lang='lat' dir='ltr'>ratio;</span> <span class='ocrx_word' id='word_1_200' title='bbox 671 2379 855 2440; x_wconf 90' lang='lat' dir='ltr'>quippe</span> <span class='ocrx_word' id='word_1_201' title='bbox 885 2380 973 2441; x_wconf 91' lang='lat' dir='ltr'>qui</span> <span class='ocrx_word' id='word_1_202' title='bbox 1001 2392 1129 2427; x_wconf 87' lang='lat' dir='ltr'>certo</span> <span class='ocrx_word' id='word_1_203' title='bbox 1162 2382 1287 2440; x_wconf 89' lang='lat' dir='ltr'>scio,</span> 
     </span>
    </p>

    <p class='ocr_par' dir='ltr' id='par_1_18' title="bbox 1055 2458 1199 2508">
     <span class='ocr_line' id='line_1_32' title="bbox 1055 2458 1199 2508; baseline 0.028 -5"><span class='ocrx_word' id='word_1_204' title='bbox 1055 2458 1095 2504; x_wconf 90' lang='lat' dir='ltr'><strong>K</strong></span> <span class='ocrx_word' id='word_1_205' title='bbox 1112 2460 1140 2503; x_wconf 88' lang='lat' dir='ltr'>k</span> <span class='ocrx_word' id='word_1_206' title='bbox 1177 2475 1199 2508; x_wconf 77' lang='lat'><em>2</em></span> 
     </span>
    </p>
   </div>
  </div>
 </body>
</html>
