1630 2866
98 187 226 234 v.75
362 163 652 217 ACTUS
702 165 820 211 III.
869 161 1142 211 SC.III.
1323 177 1384 222 55

592 289 622 321 1.
662 288 695 320 Υ
730 287 757 319 c
795 285 827 318 U
865 283 902 317 s.

99 352 375 414 Hospitium
401 361 451 397 te
475 351 610 414 ajunt
642 346 912 410 quaeritare.

395 436 1090 478 COLLYBISCUS.

946 496 1189 567 Quaerito.

579 587 612 621 L
649 586 684 619 Y
717 585 744 617 C
781 583 816 617 U
854 581 891 616 S.

101 650 177 696 Ita
207 651 274 696 illi
297 649 520 695 dixerunt
534 683 549 705 ‚
578 647 668 708 qui
689 645 800 691 hinc
824 661 851 689 a
872 660 951 690 me
970 643 1187 689 abierunt
1204 640 1381 697 modo,

105 724 178 770 Te
213 723 471 784 quaeritare
506 739 533 766 a
560 719 743 766 muscis.

398 809 1103 847 coLLYBISCUS.

61 933 76 949 ·
773 869 975 915 Minime
1006 868 1233 933 gentium.

590 955 621 988 1.
658 955 692 988 Y
727 955 755 987 C
792 954 829 986 U
864 953 906 988 S·

104 1009 244 1080 Quid
266 1009 363 1055 ita?

401 1081 1098 1118 COLLYBISCUS.

204 1147 332 1217 Quia
355 1163 382 1192 a
406 1145 576 1192 muscis
602 1145 638 1189 si
662 1143 781 1190 mihi
806 1143 1067 1205 hospitium
1087 1158 1384 1203 quaererem,

109 1220 383 1271 Adveniens
413 1219 510 1264 huc
538 1218 659 1263 irem
688 1217 739 1263 in
770 1233 1005 1263 carcerem
1038 1227 1164 1261 recta
1190 1215 1278 1261 via.

109 1292 212 1357 Ego
230 1293 281 1338 id
299 1307 477 1353 quaero
496 1291 755 1351 hospitium
769 1325 782 1347 ,
801 1290 887 1336 ubi
906 1306 994 1354 ego
1020 1305 1157 1335 curer
1172 1289 1389 1345 mollius,

113 1367 279 1436 Quam
309 1366 405 1429 regi
435 1364 674 1410 Antiocho
711 1364 839 1410 oculi
872 1362 1023 1408 curari
1058 1364 1225 1408 solent.

598 1457 629 1489 L
664 1458 700 1489 Y
735 1459 762 1490 c
799 1457 834 1489 U
869 1457 906 1489 s.

113 1511 300 1580 Edepol
331 1534 418 1564 nae
450 1519 539 1564 tibi
569 1535 762 1580 possum
793 1519 930 1563 illum
959 1517 1183 1563 festivom·
1217 1516 1326 1561 dare
1342 1549 1357 1572 ‚

110 1590 359 1651 Siquidem
389 1601 525 1651 potes
559 1607 652 1635 esse
682 1590 783 1651 pati
814 1601 861 1635 te
895 1590 945 1634 in
977 1588 1142 1649 lepido
1175 1588 1284 1631 loco
1303 1621 1317 1643 ‚

111 1663 171 1708 In
204 1664 329 1708 lecto
361 1661 521 1723 lepide
550 1674 691 1707 strato
708 1696 723 1719 ‚
757 1661 968 1723 lepidam
998 1661 1252 1706 mulierem

83 1777 91 1781 .
115 1735 419 1798 Conplexum
451 1746 742 1781 contrectare
774 1746 832 1782 te.

406 1831 1100 1865 COLLYBISCUS.

862 1892 905 1936 Is
925 1925 938 1948 ‚
975 1892 1086 1936 leno
1104 1923 1118 1947 ‚
1149 1889 1289 1934 viam.

600 1978 632 2011 1.
666 1977 702 2010 Y
738 1978 765 2010 c
803 1975 841 2009 u
877 1977 918 2010 s.
1332 1959 1342 1963 “

122 2032 217 2082 Ubi
244 2045 299 2080 tu
325 2034 595 2095 Leucadio,
629 2037 801 2084 Lesbio
817 2071 831 2094 ‚
864 2037 1036 2083 Thasio
1052 2071 1068 2094 ‚
1100 2035 1203 2082 Coo
1219 2068 1234 2092 ,

119 2105 366 2152 Vetustate
399 2106 513 2153 vino
547 2109 776 2154 edentulo
807 2119 1007 2154 aetatem
1046 2108 1242 2171 inriges:

121 2176 198 2223 Ibi
222 2187 270 2222 te
298 2176 493 2237 replebo
528 2194 680 2238 usque
704 2180 1008 2240 unguentum
1037 2178 1359 2223 eccheumatis.

124 2248 259 2316 Quid
290 2250 443 2294 multa
467 2249 646 2294 verba?
674 2249 871 2305 faciam,
907 2249 994 2295 ubi
1025 2260 1079 2294 tu
1106 2249 1269 2294 laveris
1287 2283 1302 2306 ‚

92 2315 100 2324 ‘
124 2320 201 2365 Ibi
229 2332 284 2366 ut
316 2321 561 2367 balneator
591 2320 726 2366 faciat
761 2321 1131 2384 unguentariam.

130 2389 223 2436 Sed
253 2392 367 2439 haec
397 2394 763 2451 latrocinantur,
793 2408 916 2454 quae
950 2408 1038 2457 ego
1069 2392 1169 2438 dixi
1197 2393 1367 2440 omnia.

1095 2464 1141 2509 D
1183 2482 1212 2525 4
