1630 2866
248 199 338 246 302
678 181 1105 231 RUDENS.
1406 204 1536 252 v‚19

249 291 373 337 Nam
404 305 491 353 ego
524 303 652 333 nunc
680 288 829 345 mihi,
870 289 954 350 qui
989 291 1168 355 inpiger
1204 291 1271 339 fui
1293 327 1307 352 ‚
1349 297 1533 356 reperi,

506 375 561 408 ut
589 363 750 426 piger,
787 363 823 412 si
859 363 1038 422 velim,
1070 366 1195 412 siem.
1538 369 1542 373 ”

250 440 359 485 Hoc
389 453 476 501 ego
504 438 553 482 in
579 437 719 493 mari,
750 436 991 498 quidquid
1018 400 1137 484 i'nest
1147 441 1354 501 ‚reperi:
1388 442 1534 502 quid-

510 509 659 570 quid
647 520 794 566 mest,
815 526 953 573 grave
972 511 1172 571 quidem
1193 524 1284 559 est:
1312 531 1482 565 aurum

249 585 342 631 Hic
371 602 458 649 ego
483 584 628 629 inesse
657 595 774 630 reor.
803 600 893 630 nec
925 585 1044 631 mihi
1072 587 1282 633 conscius
1313 599 1380 635 est
1409 591 1533 637 ullus

501 658 664 722 homq.
699 673 829 703 nunc
860 658 974 703 haec
1002 658 1090 703 tibi

248 733 443 780 Occasio
462 767 474 790 ,
513 732 688 793 Gripe‚
724 730 924 796 obtigit,
959 743 1014 778 ut
1045 732 1214 780 liberet
1245 748 1304 780 ex
1347 736 1532 796 populo

507 805 700 850 Praetor
729 815 789 850 te.

249 879 388 925 Nunc
418 877 478 923 sic
496 876 688 934 faciam,
720 877 782 923 sic
811 877 1059 924 consilium
1085 878 1170 935 ’st,
1200 878 1261 924 ad
1286 879 1458 927 herum
1477 892 1535 930 ut

504 949 693 993 veniam
723 948 865 993 docte
894 959 1039 1008 atque
1070 960 1234 1002 astth

249 1021 545 1068 Pauxillatim
573 1022 871 1082 pollicitabor
896 1039 985 1083 pro
1007 1023 1160 1083 capite
1178 1033 1455 1087 argentum,
1477 1033 1533 1070 ut

503 1093 590 1137 sim
613 1093 744 1138 liber.

243 1167 350 1226 Jam
368 1165 455 1211 ubi
470 1164 588 1211 liber
610 1180 688 1210 ero
701 1198 713 1220 ‚
731 1163 872 1227 igitur
893 1163 1092 1211 demum
1108 1165 1336 1214 insiruam
1348 1182 1533 1231 agrum,

509 1237 635 1283 aedis
651 1271 665 1294 ,
697 1236 951 1297 mancipia:

250 1312 461 1359 Navibus
478 1310 654 1374 magnis
685 1321 996 1357 mercaturam
1023 1309 1213 1357 faciam:
1244 1310 1376 1373 apud
1403 1327 1535 1376 reges

509 1398 596 1428 rex
620 1381 922 1443 perhibebor.

248 1461 361 1512 Post
375 1457 519 1504 animi
538 1472 691 1502 caussa
712 1454 828 1500 mihi
855 1469 1028 1500 navem
1043 1453 1208 1502 faciam
1222 1489 1237 1514 ‚
1255 1466 1400 1516 atque
1422 1455 1531 1501 imi-

503 1528 644 1574 tabor
671 1524 1011 1573 Stratoniitum:

252 1600 448 1665 Oppida
480 1598 897 1647 circumvectabor.
941 1599 1027 1646 ubi
1056 1600 1277 1647 nobilitas
1309 1617 1417 1647 mea
1445 1600 1531 1646 erit

507 1676 627 1720 clara
642 1710 655 1733 ,

252 1748 511 1811 Oppidum
531 1764 760 1811 magnum
779 1747 1098 1794 conmunibo:
1120 1747 1179 1793 eii
1197 1762 1284 1812 ego
1299 1746 1407 1793 urbi
1422 1747 1531 1803 Gris

503 1838 569 1882 po
598 1821 763 1866 indam
789 1836 1000 1877 nomen,

251 1895 608 1942 Monimentum
642 1910 773 1940 meae
807 1893 957 1939 famae
990 1903 1037 1938 et
1071 1892 1223 1957 factis:
1263 1893 1429 1957 ibique
1454 1909 1529 1940 te-

506 1985 655 2033 gnum
685 1983 912 2031 magnum
943 1967 1201 2021 instituam2

252 2043 441 2106 Magnas
464 2059 533 2088 res
559 2042 635 2087 hic
662 2042 787 2104 agito
816 2043 864 2086 in
886 2046 1103 2087 mentem
1127 2040 1367 2088 instruere.
1394 2053 1525 2086 nune

503 2115 631 2159 hunc
661 2113 882 2160 vidulum
915 2113 1130 2159 condam.
1159 2148 1163 2149 γ

254 2186 348 2234 Sed
370 2186 444 2232 hic
472 2202 555 2232 rex
573 2202 685 2232 cum
710 2198 841 2232 aceto
861 2203 1108 2248 pransurus
1127 2196 1194 2233 est
1216 2195 1263 2231 et
1283 2185 1372 2230 sale
1387 2215 1401 2241 ‚
1425 2181 1524 2229 sine

508 2260 642 2308 bono
668 2262 937 2323 pulmento,
