1630 2866
214 199 319 245 210
531 173 1182 227 PSEUDOLUS.
1377 184 1509 228 v.17

677 296 1062 334 BALLIQ

423 362 697 410 Dabuntur.

734 443 757 478 s
794 445 815 478 1
853 443 898 478 Μ
933 444 983 477 ο.

577 505 686 552 Hoc
719 504 921 566 quidem
949 512 1112 550 actum
1131 501 1188 549 ’st
1214 498 1345 555 haud
1372 500 1510 548 male:

212 582 306 632 Sed
330 580 580 629 hominem
613 577 962 626 convenistin’?

674 673 703 705 Β
742 672 779 707 A
813 672 846 706 L
881 672 914 706 L
949 672 972 705 I-
1008 670 1057 704 Ο.

968 734 1127 784 Immo
1157 730 1324 778 ambos
1354 730 1507 777 simul.

746 825 770 861 S
806 826 828 859 I
862 826 908 860 M
946 824 994 858 Ο.

220 890 361 961 Quid
385 890 484 938 ait?
504 889 627 953 quid
655 888 844 936 narrat?
879 903 1082 949 quaem,
1111 883 1234 948 quid
1254 882 1370 931 dicit
1389 875 1511 930 tibi?

676 991 705 1023 Β
746 991 781 1023 A
816 990 848 1023 1.
885 989 916 1023 1.
951 989 972 1021 1
1010 989 1058 1022 ο.

218 1061 377 1124 Nugas
407 1060 612 1116 theatri,
643 1059 790 1105 verba
819 1073 941 1118 quae
973 1057 1024 1102 in
1056 1053 1330 1102 Comoediis

223 1131 391 1178 Solent
411 1132 576 1177 lenoni
607 1131 728 1187 dici,
762 1145 884 1190 quae
912 1129 1051 1189 pueri
1077 1128 1256 1173 sciunt:

218 1204 403 1251 Malum
416 1238 432 1262 ,
457 1214 506 1250 et
523 1204 772 1249 scelestum
783 1237 796 1259 ,
826 1212 873 1248 et
894 1201 1144 1265 pe1ju1um
1162 1199 1289 1247 aibat
1307 1214 1402 1245 esse
1417 1214 1509 1245 me.

739 1302 761 1336 s
797 1303 820 1336 1
854 1303 899 1336 M
937 1301 990 1335 o.

222 1365 312 1412 Pol
340 1363 473 1412 haud
499 1364 710 1410 mentitu
730 1363 798 1409 ’st.

677 1457 706 1490 B
743 1454 779 1487 A
813 1454 846 1487 1.
882 1454 914 1487 Ι,
948 1453 972 1486 1
1010 1452 1059 1485 o.

802 1513 927 1578 Ergo
954 1509 1086 1559 haud
1109 1509 1250 1557 iratus
1274 1507 1367 1556 fui:

223 1588 349 1634 Nam
381 1587 548 1649 quanti
574 1586 716 1633 refert
742 1597 791 1632 te
817 1601 906 1632 nec
934 1595 1062 1633 recte
1094 1582 1278 1640 dicere,

225 1662 330 1731 Qui
359 1661 498 1707 nihili
528 1660 666 1707 faciat
682 1696 696 1720 ,
727 1660 917 1721 quique
948 1657 1117 1712 infitias
1150 1672 1252 1702 non
1283 1655 1394 1703 eat?

738 1752 761 1789 s
795 1754 817 1786 1
852 1755 895 1788 M
933 1753 982 1786 o.

221 1825 362 1895 Quid
394 1834 493 1882 est,
529 1823 668 1884 quod
702 1838 803 1870 non
834 1832 1017 1870 metuas
1042 1820 1104 1866 ab
1133 1817 1231 1867 eo?
1265 1814 1318 1864 id
1342 1815 1509 1864 audire

474 1907 662 1958 expeto.

675 1980 707 2012 B
742 1977 779 2012 A
809 1976 843 2010 L
875 1976 908 2010 L
943 1976 967 2009 1
1002 1977 1049 2010 O.

221 2051 351 2121 Quia
379 2065 650 2110 numquam
673 2047 734 2094 ab
764 2062 845 2093 me
873 2044 1081 2092 abducet
1106 2044 1357 2092 mulierem
1378 2042 1508 2109 jam}

472 2138 562 2168 nec
588 2132 757 2184 potest.

215 2193 537 2241 Meministine
574 2194 664 2241 tibi
696 2210 776 2241 me
805 2193 996 2241 dudum
1027 2193 1211 2255 dicere,

213 2267 336 2332 Eam.
357 2268 538 2317 venisse
567 2268 708 2323 militi
732 2268 1052 2318 Macedonio?

733 2363 757 2399 S
790 2364 814 2398 1
847 2365 892 2399 M
930 2364 982 2405 Q.

214 2415 425 2466 Memini.
