1630 2866
60 151 155 188 ια
353 128 664 182 ACTUS
713 128 815 178 IV
866 129 975 178 SC.
1027 133 1067 179 1.
1256 146 1346 196 391

60 244 128 294 Ut
141 241 262 291 mihi
284 241 490 303 volupe’
493 251 534 286 st
548 274 560 297 ‚
579 238 933 301 Pamphilippe,
958 241 1071 302 quia
1090 255 1174 287 vos
1192 239 1242 285 in
1262 257 1344 302 pa<

318 315 457 362 triam
489 314 692 359 domum

59 388 247 439 Redisse
274 387 443 445 video,
464 388 588 433 bene
611 397 737 450 gesta
765 401 818 432 re
834 420 848 444 ,
869 383 1063 442 ambos,
1097 394 1147 431 te
1173 396 1223 433 et
1248 385 1341 432 fra-

320 473 445 509 trem
469 471 628 507 tuum.
666 459 670 461 ’

327 555 1106 591 PAMPHILIPPUS.

59 615 177 666 Satis
205 617 286 664 abs
315 628 365 663 te
382 616 607 678 accipiam
626 650 641 674 ‚
667 617 754 662 nisi
785 615 975 663 videam
1003 616 1124 662 mihi
1150 626 1199 662 te
1225 616 1342 662 ami-

324 688 437 735 cum
469 705 587 746 esse,
620 689 846 751 Antipho.

19 768 23 769 ⁷
60 762 206 814 Nunc
237 762 351 824 quia
378 772 426 808 te
455 764 663 808 amicum
692 762 811 808 mihi
841 762 1058 826 experior
1092 777 1216 820 esse,
1248 776 1346 806 cte-

326 833 454 880 ditut
479 834 581 880 tibi.

474 919 510 952 A
548 920 583 952 N
617 920 650 952 Τ
684 921 706 953 1
740 921 770 954 P
804 920 841 954 Η
882 912 933 955 o.

60 978 248 1028 Vocem
287 993 376 1043 ego
414 990 464 1025 te
495 979 558 1025 ad
589 995 670 1024 me
699 980 763 1026 ad
796 996 998 1027 coenam
1014 1014 1030 1038 ‚
1065 979 1208 1026 frater
1239 990 1352 1026 tuus

318 1052 407 1098 nisi
433 1052 623 1098 dixisset
646 1053 763 1098 mihi
780 1089 793 1110 ‚

64 1126 138 1173 Te
165 1124 295 1188 apud
325 1142 374 1172 se
411 1137 725 1173 coenaturum
758 1144 852 1174 esse
883 1127 1028 1174 hodie
1044 1161 1060 1186 ,
1092 1142 1247 1189 quom
1271 1142 1353 1173 me

321 1198 383 1245 ad
409 1215 456 1246 se
489 1200 551 1245 ad
582 1216 779 1246 coenam
811 1212 964 1248 vocat.

62 1269 128 1320 Et
157 1271 303 1337 magis
328 1288 417 1339 par
443 1271 596 1319 fuerat
631 1289 711 1319 me
735 1273 847 1320 dase
878 1274 1015 1321 vobis
1037 1288 1238 1320 coenam
1266 1271 1351 1318 ad-

319 1345 621 1392 venientibus
638 1380 653 1402 ,

63 1417 231 1485 Quam
260 1431 343 1462 me
369 1415 431 1460 ad
458 1416 597 1461 illum
626 1415 906 1476 promittere
925 1447 941 1472 ‚
975 1415 1064 1462 nisi
1095 1419 1273 1464 nollem
1307 1419 1350 1464 ei

317 1488 614 1533 advorsarier.

64 1557 206 1605 Nunc
232 1573 314 1604 me
338 1558 531 1621 gratiam
551 1559 633 1605 abs
660 1569 717 1625 te-
739 1559 857 1604 inire
888 1557 1044 1605 verbis
1074 1559 1192 1605 nihil
1230 1559 1350 1606 desi-

320 1629 459 1676 dero:

65 1701 174 1748 Cras
203 1701 333 1764 apud
355 1718 435 1748 me
462 1701 611 1759 eritis,
649 1712 696 1748 et
721 1712 778 1747 tu
808 1712 856 1748 et
892 1702 999 1760 ille,
1036 1718 1151 1750 cum
1179 1706 1350 1753 vostris*

322 1773 558 1819 uxoribus.

327 1865 1103 1902 PAMPHILIPPUS.

68 1924 130 1973 Et
158 1924 292 1987 apud
316 1942 396 1971 me
416 1925 656 1987 perendie.
681 1941 794 1974 nam
818 1927 897 1973 ine
921 1928 1025 1974 heri
1047 1945 1127 1974 me
1143 1929 1244 1995 jam
1268 1947 1353 1979 vo-

324 2010 507 2045 caverat

69 2070 130 2117 In
160 2071 292 2118 hune
324 2069 464 2116 diem.
492 2070 575 2115 sed
600 2071 728 2117 satin’
759 2087 849 2136 ego
884 2082 1047 2120 tecum
1080 2076 1348 2137 pacificatus

323 2160 429 2190 sum
445 2178 459 2200 ‚
489 2141 703 2205 Antipho
719 2144 743 2190 Ξ)
1349 2159 1358 2165 ·

491 2227 527 2260 A
560 2229 594 2261 Ν
630 2229 662 2261 Τ
699 2230 722 2262 1
754 2229 788 2262 Ρ·
818 2229 856 2262 Η
891 2231 941 2264 ο.
974 2243 977 2245 >

73 2288 285 2356 Quando
309 2291 372 2336 ita
398 2304 500 2334 rem
531 2288 746 2352 gessistis,
779 2291 853 2336 uti
881 2308 966 2340 vos
997 2293 1199 2353 vellem,
1229 2295 1351 2341 ami-

326 2377 405 2409 cos
436 2371 579 2422 atque
612 2360 838 2422 addecet,

1012 2435 1162 2494 Bb4
