1630 2866
242 192 305 239 86
582 186 1152 235 POENULUS.
1362 201 1525 236 v.1oo

735 309 770 341 Η
807 309 841 341 Α
876 309 910 342 Ν
945 310 979 343 Ν
1016 310 1064 343 ο.

245 371 514 419 Demarcho
540 370 654 414 item
685 368 782 429 ipse
814 368 906 414 fuit
936 369 1251 430 adoptatitius.

247 446 342 492 Sed
372 447 513 491 mitto
547 444 608 490 de
640 444 750 501 illo,
786 455 833 491 et
865 444 925 490 ad
959 455 1006 490 te
1036 445 1194 490 redeo.
1232 443 1309 489 dic
1341 443 1487 499 mihi,

247 517 437 578 Ecquid
466 517 720 562 meministi
744 519 884 563 tufim
918 528 1172 579 parentum
1201 515 1426 562 nomina?

503 607 1284 643 AGORASTOCLES.

248 669 392 716 Patris
414 680 556 730 atque
581 669 740 715 matris
769 671 979 716 memini.

741 753 778 788 H
815 754 848 786 A
886 755 919 788 N
955 755 989 787 N
1027 754 1074 786 O.

469 858 482 878 ‚a
989 814 1206 859 Memora
1239 811 1360 857 dum
1385 809 1525 855 mihi:
1564 815 1577 820 '

252 887 301 936 Si
331 889 445 936 novi
473 889 626 947 forte,
663 900 744 935 aut
776 889 810 934 si
841 898 952 934 sunt
978 887 1164 951 cognati
1194 884 1324 931 mihi.

506 978 1296 1015 AGORAST‘OCLES.

250 1042 532 1105 AmPsigura
565 1053 717 1087 mater
746 1040 863 1085 mihi
892 1039 982 1084 fuit
1001 1073 1015 1095 ,
1037 1036 1221 1096 Jachon
1251 1048 1397 1099 pater.

734 1129 767 1161 H
806 1128 838 1160 A
873 1128 906 1160 N
943 1128 976 1160 N
1015 1128 1061 1159 ο.

249 1190 437 1237 Patrem
465 1200 609 1250 atque
639 1200 840 1235 matrem
869 1189 1085 1235 viverent
1120 1187 1296 1232 vellem
1326 1185 1443 1232 tibi!

505 1279 1285 1316 AGORASTOCLES.

252 1343 329 1391 An
359 1344 537 1390 mortui
562 1344 705 1390 sunt?

739 1421 773 1453 Η
809 1420 841 1453 Α
874 1421 909 1453 N
942 1421 975 1453 N
1015 1420 1062 1452 o.

739 1479 936 1525 Factum
951 1499 963 1530 ς
994 1477 1130 1539 quod
1156 1492 1290 1541 aegre
1316 1473 1419 1520 tuli.

253 1551 376 1597 Nam
403 1553 523 1598 mihi
554 1554 742 1598 sobrina
771 1553 1048 1616 Ampsigura
1080 1564 1160 1597 tua
1182 1562 1330 1596 mater
1359 1548 1464 1594 fuit.

251 1625 391 1670 Pater
415 1636 523 1671 tuus
558 1626 593 1671 is
624 1637 718 1671 erat
748 1625 885 1671 frater
912 1625 1133 1686 patruelis
1163 1639 1321 1677 meus,

244 1697 313 1741 Et
331 1698 365 1741 is
389 1714 466 1741 me
484 1698 710 1743 heredem
729 1698 839 1743 fecit
852 1733 865 1754 ⁷
891 1714 1043 1758 quom
1062 1713 1202 1741 suum
1229 1694 1348 1740 obiit
1369 1693 1527 1749 diem,

251 1767 369 1835 Quo
401 1784 479 1812 me
512 1770 750 1828 privatum
781 1786 912 1831 aegre
937 1770 1091 1830 patior
1119 1779 1322 1813 mortuo.

250 1838 347 1885 Sed
376 1838 411 1884 si
439 1840 502 1884 ita
532 1850 598 1884 est
618 1874 632 1896 ‚
662 1852 717 1884 ut
752 1851 805 1884 tu
837 1842 891 1884 sis
916 1839 1136 1897 Jachonis
1169 1839 1288 1883 filius
1307 1873 1322 1895 ‚

253 1911 451 1976 Signum
486 1930 578 1958 esse
615 1923 804 1974 oportet
837 1914 886 1958 in
913 1929 1058 1958 manu
1094 1914 1223 1958 laeva
1258 1912 1384 1970 tibi,

246 1985 463 2030 Ludenti
486 1999 638 2047 puero
671 1986 806 2046 quod
835 1985 1097 2032 momordit
1126 1985 1266 2031 simia.

252 2059 494 2115 Ostende,
522 2069 577 2104 ut
606 2059 869 2120 inspiciam:
907 2059 1047 2120 aperi.

505 2153 1279 2188 AGORASTOCLES.

1006 2215 1154 2262 Vide:
1191 2230 1355 2262 eccum
1385 2210 1526 2258 adest.

254 2278 324 2325 Mi
353 2289 551 2341 patrue»,
583 2280 720 2328 salve.

734 2358 768 2391 Η
804 2357 837 2390 Α
872 2359 905 2390 N
940 2358 973 2390 N
1011 2357 1061 2390 ο.

719 2417 782 2465 Et
806 2427 861 2463 tu
895 2418 1098 2473 salveto5
1128 2414 1462 2479 Agorastocles.
