1630 2866
72 208 167 252 Μ
360 191 646 240 ACTUS
699 192 779 238 11.
836 191 943 240 sc.
994 193 1094 241 lv,
1258 174 1351 253 '265

425 309 461 343 A
498 310 540 342 M
575 309 604 342 P
639 309 669 342 E
703 309 736 341 L
772 310 793 342 1
829 309 851 343 S
890 311 917 343 C
954 310 1001 343 Α.

669 368 801 415 Aha!
832 370 1037 416 nimium
1068 369 1355 417 familiariter

73 435 155 485 Me
178 445 403 483 attrectas.

427 510 449 544 S
485 511 513 544 C
548 512 579 544 E
613 511 642 544 P
677 511 713 544 A
749 513 784 546 R
817 511 850 544 N
886 511 907 544 I
945 512 994 545 Ο.

277 582 369 628 Pro
403 581 484 627 Dii
514 582 809 628 inmortales!
838 581 1033 628 Veneris
1060 583 1206 647 effigia
1239 581 1356 627 haec

779 654 979 715 quidem
1013 666 1091 700 est.

75 725 141 773 Ut
174 726 223 771 in
257 726 413 772 ocellis
449 726 703 773 hilaritudo
746 727 839 772 est!
878 728 948 791 eja
967 762 982 784 ‚
1018 743 1189 788 corpus
1226 742 1353 787 quo-

317 799 528 862 jusmodi
550 801 559 844 !

74 868 464 917 Subvolturium!
491 869 614 917 illud
630 870 858 932 quidem,
889 870 1198 932 subaquilum
1215 871 1350 918 volui

326 942 494 988 dicere.

74 1013 170 1062 Vel·
195 1014 397 1076 papillae
426 1015 755 1078 quojusmodi!
788 1027 895 1062 tum
928 1032 1050 1077 quae
1083 1015 1266 1063 indoles
1299 1016 1350 1061 in

321 1089 447 1135 savio
478 1090 571 1133 est!

424 1181 460 1213 A
497 1181 540 1214 M
574 1181 602 1214 P
639 1181 670 1214 Ε
704 1182 735 1216 Ι,
771 1182 793 1215 1
829 1182 852 1217 s
890 1183 917 1216 c
954 1183 1004 1217 Α.

70 1240 182 1288 Non
203 1256 291 1305 ego
312 1258 418 1287 sum
439 1243 651 1303 pollucta
676 1259 813 1307 pago.
844 1244 996 1306 potin’
1022 1255 1079 1290 ut
1105 1259 1184 1290 me
1207 1243 1351 1290 absti-

320 1330 430 1360 neas
457 1330 660 1362 manum
677 1316 700 1361 Ρ

421 1414 445 1448 S
481 1417 508 1449 C
545 1416 575 1448 E
613 1416 642 1449 P
678 1415 714 1448 A
748 1418 783 1450 R
816 1417 851 1449 N
884 1417 906 1449 1
944 1417 994 1450 Ο.

68 1483 182 1530 Non
208 1484 320 1528 licet
337 1494 385 1528 te
402 1484 519 1528 sicce
534 1483 719 1543 placide
741 1483 917 1529 bellam
938 1484 1066 1529 belle
1084 1494 1276 1546 tangere
1290 1483 1313 1528 Ξ)

422 1581 458 1614 A
493 1582 536 1615 M
575 1582 604 1615 P
638 1582 670 1614 E
706 1583 738 1615 1.
772 1584 792 1615 1
828 1582 850 1615 S
886 1584 913 1616 C
950 1583 1000 1615 A.

71 1649 243 1697 Otium
270 1649 356 1695 ubi
388 1648 475 1694 erit
492 1684 506 1705 ‚
536 1660 642 1695 tum
665 1649 754 1695 tibi
780 1667 973 1713 operam
1002 1649 1121 1696 ludo
1151 1660 1200 1695 et
1227 1649 1349 1696 deli-

317 1721 415 1766 ciae
445 1719 598 1766 dabo:

67 1793 208 1839 Nunc
240 1793 554 1854 quamobrem
588 1793 681 1840 huc
707 1809 814 1839 sum
843 1794 1005 1851 missa,
1036 1795 1207 1842 amabo
1225 1830 1240 1854 ‚
1268 1797 1347 1842 vel

318 1876 374 1910 tu
402 1865 520 1911 mihi
547 1866 664 1930 ajas,
687 1867 766 1913 vel
796 1883 949 1931 neges.

420 1964 443 1997 s
479 1966 506 1996 c
541 1966 573 1998 Ε
611 1967 640 1999 Ρ
676 1965 711 1998 Α
747 1966 781 2000 R
817 1967 850 1999 N
890 1967 911 1998 1
948 1966 994 1999 ο.

68 2026 206 2098 Quid
229 2041 360 2071 nunc
393 2026 462 2072 vis
478 2026 500 2071 Ξ)

426 2119 461 2152 A
497 2120 540 2152 M
576 2121 604 2153 P
638 2121 669 2153 P„
704 2121 734 2154 1.
770 2121 791 2152 1
827 2120 850 2153 s
886 2121 913 2153 c
948 2120 997 2153 A.

170 2176 382 2238 Sapienti
403 2187 591 2223 ornatus
604 2212 617 2233 ‚
640 2177 761 2238 quid
778 2178 921 2229 velim
936 2212 950 2234 ‚
973 2178 1205 2224 indicium
1223 2178 1345 2225 facit.

426 2276 448 2310 s
486 2277 513 2309 c
548 2277 579 2309 Ε
614 2277 642 2310 P
680 2278 714 2310 A
749 2279 783 2311 R
819 2278 854 2310 N
888 2278 908 2309 1
948 2278 995 2310 ο.
1375 2319 1378 2321 ,

69 2334 204 2383 Meus
235 2351 434 2398 quoque
460 2335 538 2381 hic
557 2352 601 2380 sa
638 2327 754 2387 ienti
777 2348 964 2383 ornatus
981 2371 996 2395 ,
1025 2337 1147 2398 quid
1172 2338 1344 2387 velim,

320 2407 554 2454 indicium
634 2407 708 2454 cit.
