<?xml version="1.0" encoding="UTF-8"?>
<!DOCTYPE html PUBLIC "-//W3C//DTD XHTML 1.0 Transitional//EN"
    "http://www.w3.org/TR/xhtml1/DTD/xhtml1-transitional.dtd">
<html xmlns="http://www.w3.org/1999/xhtml" xml:lang="en" lang="en">
 <head>
  <title>
</title>
<meta http-equiv="Content-Type" content="text/html;charset=utf-8" />
  <meta name='ocr-system' content='tesseract 3.04.00' />
  <meta name='ocr-capabilities' content='ocr_page ocr_carea ocr_par ocr_line ocrx_word'/>
</head>
<body>
  <div class='ocr_page' id='page_1' title='image "./comoediaesuperst03plauuoft_0433.png"; bbox 0 0 1630 2866; ppageno 0'>
   <div class='ocr_carea' id='block_1_1' title="bbox 88 153 1359 213">
    <p class='ocr_par' dir='ltr' id='par_1_1' title="bbox 88 153 1359 213">
     <span class='ocr_line' id='line_1_1' title="bbox 88 153 1359 213; baseline -0.013 -1"><span class='ocrx_word' id='word_1_1' title='bbox 88 181 134 213; x_wconf 76' lang='lat' dir='ltr'><strong>v.</strong></span> <span class='ocrx_word' id='word_1_2' title='bbox 166 163 226 210; x_wconf 86' lang='lat'><strong>86</strong></span> <span class='ocrx_word' id='word_1_3' title='bbox 404 159 598 207; x_wconf 87' lang='lat' dir='ltr'><strong>ACT</strong></span> <span class='ocrx_word' id='word_1_4' title='bbox 633 156 739 204; x_wconf 83' lang='lat' dir='ltr'><strong>us</strong></span> <span class='ocrx_word' id='word_1_5' title='bbox 792 153 1103 202; x_wconf 87' lang='lat' dir='ltr'><strong>1.sc.11.</strong></span> <span class='ocrx_word' id='word_1_6' title='bbox 1270 165 1359 210; x_wconf 77' lang='lat'><strong>42⁷</strong></span> 
     </span>
    </p>
   </div>
   <div class='ocr_carea' id='block_1_2' title="bbox 92 276 1380 1561">
    <p class='ocr_par' dir='ltr' id='par_1_2' title="bbox 92 276 1380 1561">
     <span class='ocr_line' id='line_1_2' title="bbox 379 276 1005 313; baseline -0.005 0"><span class='ocrx_word' id='word_1_7' title='bbox 379 276 1005 313; x_wconf 64' lang='lat' dir='ltr'>&#39;CALLI-CLES.</span> 
     </span>
     <span class='ocr_line' id='line_1_3' title="bbox 92 332 375 405; baseline -0.011 -23"><span class='ocrx_word' id='word_1_8' title='bbox 92 332 230 405; x_wconf 76' lang='lat' dir='ltr'><strong>Quid</strong></span> <span class='ocrx_word' id='word_1_9' title='bbox 246 333 335 380; x_wconf 89' lang='lat' dir='ltr'><strong>feci</strong></span> <span class='ocrx_word' id='word_1_10' title='bbox 354 334 375 379; x_wconf 87' lang='lat'>?</span> 
     </span>
     <span class='ocr_line' id='line_1_4' title="bbox 373 411 1109 451; baseline -0.007 0"><span class='ocrx_word' id='word_1_11' title='bbox 373 411 1109 451; x_wconf 75' lang='lat' dir='ltr'>MEGARONIDES.</span> 
     </span>
     <span class='ocr_line' id='line_1_5' title="bbox 351 479 916 549; baseline -0.007 -24"><span class='ocrx_word' id='word_1_12' title='bbox 351 479 506 549; x_wconf 71' lang='lat' dir='ltr'><strong>Quod</strong></span> <span class='ocrx_word' id='word_1_13' title='bbox 529 479 678 524; x_wconf 89' lang='lat' dir='ltr'><strong>homo</strong></span> <span class='ocrx_word' id='word_1_14' title='bbox 695 492 916 538; x_wconf 88' lang='lat' dir='ltr'><strong>nequam.</strong></span> 
     </span>
     <span class='ocr_line' id='line_1_6' title="bbox 450 561 1004 597; baseline -0.007 0"><span class='ocrx_word' id='word_1_15' title='bbox 450 564 476 596; x_wconf 91' lang='lat' dir='ltr'><strong>c</strong></span> <span class='ocrx_word' id='word_1_16' title='bbox 512 564 547 597; x_wconf 87' lang='lat' dir='ltr'>A</span> <span class='ocrx_word' id='word_1_17' title='bbox 584 564 615 597; x_wconf 89' lang='lat'><strong>1.</strong></span> <span class='ocrx_word' id='word_1_18' title='bbox 650 563 680 596; x_wconf 85' lang='lat'><strong>1.</strong></span> <span class='ocrx_word' id='word_1_19' title='bbox 715 563 736 596; x_wconf 93' lang='lat'>1</span> <span class='ocrx_word' id='word_1_20' title='bbox 772 562 799 596; x_wconf 90' lang='lat' dir='ltr'><strong>c</strong></span> <span class='ocrx_word' id='word_1_21' title='bbox 834 562 866 595; x_wconf 80' lang='lat'><strong>1,</strong></span> <span class='ocrx_word' id='word_1_22' title='bbox 902 561 933 594; x_wconf 81' lang='grc' dir='ltr'><strong>Ε</strong></span> <span class='ocrx_word' id='word_1_23' title='bbox 969 561 1004 594; x_wconf 90' lang='lat' dir='ltr'><strong>s.</strong></span> 
     </span>
     <span class='ocr_line' id='line_1_7' title="bbox 846 622 1367 668; baseline -0.004 0"><span class='ocrx_word' id='word_1_24' title='bbox 846 623 960 668; x_wconf 91' lang='lat' dir='ltr'><strong>Non</strong></span> <span class='ocrx_word' id='word_1_25' title='bbox 983 622 1099 666; x_wconf 88' lang='lat' dir='ltr'><strong>istuc</strong></span> <span class='ocrx_word' id='word_1_26' title='bbox 1119 636 1284 666; x_wconf 90' lang='lat' dir='ltr'><strong>meum</strong></span> <span class='ocrx_word' id='word_1_27' title='bbox 1301 622 1367 667; x_wconf 83' lang='lat' dir='ltr'><strong>’st.</strong></span> 
     </span>
     <span class='ocr_line' id='line_1_8' title="bbox 379 699 1112 744; baseline -0.007 0"><span class='ocrx_word' id='word_1_28' title='bbox 379 699 1112 744; x_wconf 71' lang='lat' dir='ltr'>M‘EGARONIDES.</span> 
     </span>
     <span class='ocr_line' id='line_1_9' title="bbox 97 766 1301 827; baseline -0.003 -11"><span class='ocrx_word' id='word_1_29' title='bbox 97 770 307 816; x_wconf 89' lang='lat' dir='ltr'><strong>Emistin’</strong></span> <span class='ocrx_word' id='word_1_30' title='bbox 331 770 391 816; x_wconf 92' lang='lat' dir='ltr'><strong>de</strong></span> <span class='ocrx_word' id='word_1_31' title='bbox 408 770 707 815; x_wconf 86' lang='lat' dir='ltr'><strong>adulescente</strong></span> <span class='ocrx_word' id='word_1_32' title='bbox 724 767 802 813; x_wconf 82' lang='lat' dir='ltr'><strong>has</strong></span> <span class='ocrx_word' id='word_1_33' title='bbox 821 766 978 813; x_wconf 85' lang='lat' dir='ltr'><strong>aedis?</strong></span> <span class='ocrx_word' id='word_1_34' title='bbox 1000 766 1121 827; x_wconf 89' lang='lat' dir='ltr'><strong>quid</strong></span> <span class='ocrx_word' id='word_1_35' title='bbox 1145 767 1301 812; x_wconf 87' lang='lat' dir='ltr'><strong>taces?</strong></span> 
     </span>
     <span class='ocr_line' id='line_1_10' title="bbox 98 839 695 887; baseline -0.005 -1"><span class='ocrx_word' id='word_1_36' title='bbox 98 840 194 886; x_wconf 87' lang='lat' dir='ltr'><strong>Ubi</strong></span> <span class='ocrx_word' id='word_1_37' title='bbox 219 856 348 887; x_wconf 90' lang='lat' dir='ltr'><strong>nunc</strong></span> <span class='ocrx_word' id='word_1_38' title='bbox 374 852 477 886; x_wconf 90' lang='lat' dir='ltr'><strong>tute</strong></span> <span class='ocrx_word' id='word_1_39' title='bbox 504 839 695 884; x_wconf 87' lang='lat' dir='ltr'><strong>habitas.</strong></span> 
     </span>
     <span class='ocr_line' id='line_1_11' title="bbox 450 905 1008 959; baseline -0.002 -1"><span class='ocrx_word' id='word_1_40' title='bbox 450 926 479 958; x_wconf 87' lang='lat' dir='ltr'><strong>c</strong></span> <span class='ocrx_word' id='word_1_41' title='bbox 514 925 548 958; x_wconf 87' lang='lat' dir='ltr'>A</span> <span class='ocrx_word' id='word_1_42' title='bbox 582 924 613 957; x_wconf 85' lang='lat' dir='ltr'>L</span> <span class='ocrx_word' id='word_1_43' title='bbox 648 926 679 958; x_wconf 87' lang='lat'><strong>1.</strong></span> <span class='ocrx_word' id='word_1_44' title='bbox 714 926 736 959; x_wconf 92' lang='lat'>1</span> <span class='ocrx_word' id='word_1_45' title='bbox 772 926 799 958; x_wconf 91' lang='lat' dir='ltr'><strong>c</strong></span> <span class='ocrx_word' id='word_1_46' title='bbox 834 925 865 958; x_wconf 86' lang='lat'><strong>1.</strong></span> <span class='ocrx_word' id='word_1_47' title='bbox 901 905 935 957; x_wconf 67' lang='grc' dir='ltr'><em>ἐ</em></span> <span class='ocrx_word' id='word_1_48' title='bbox 970 924 1008 957; x_wconf 77' lang='lat' dir='ltr'><strong>s,</strong></span> 
     </span>
     <span class='ocr_line' id='line_1_12' title="bbox 659 983 1380 1047; baseline -0.003 -17"><span class='ocrx_word' id='word_1_49' title='bbox 659 985 797 1042; x_wconf 88' lang='lat' dir='ltr'><strong>Emi,</strong></span> <span class='ocrx_word' id='word_1_50' title='bbox 825 996 969 1045; x_wconf 89' lang='lat' dir='ltr'><strong>atque</strong></span> <span class='ocrx_word' id='word_1_51' title='bbox 992 994 1240 1047; x_wconf 80' lang='lat' dir='ltr'><strong>argentum</strong></span> <span class='ocrx_word' id='word_1_52' title='bbox 1265 983 1380 1029; x_wconf 90' lang='lat' dir='ltr'><strong>dedi</strong></span> 
     </span>
     <span class='ocr_line' id='line_1_13' title="bbox 100 1054 1344 1118; baseline -0.006 -13"><span class='ocrx_word' id='word_1_53' title='bbox 100 1059 250 1107; x_wconf 80' lang='lat' dir='ltr'><strong>Minas</strong></span> <span class='ocrx_word' id='word_1_54' title='bbox 279 1055 589 1118; x_wconf 81' lang='lat' dir='ltr'><strong>quadraginta</strong></span> <span class='ocrx_word' id='word_1_55' title='bbox 618 1055 909 1101; x_wconf 87' lang='lat' dir='ltr'><strong>adulescenti</strong></span> <span class='ocrx_word' id='word_1_56' title='bbox 935 1055 1023 1116; x_wconf 87' lang='lat' dir='ltr'><strong>ipsi</strong></span> <span class='ocrx_word' id='word_1_57' title='bbox 1053 1054 1103 1099; x_wconf 84' lang='lat' dir='ltr'><strong>in</strong></span> <span class='ocrx_word' id='word_1_58' title='bbox 1131 1071 1344 1099; x_wconf 87' lang='lat' dir='ltr'><strong>manum.</strong></span> 
     </span>
     <span class='ocr_line' id='line_1_14' title="bbox 389 1149 1124 1184; baseline -0.003 -1"><span class='ocrx_word' id='word_1_59' title='bbox 389 1149 1124 1184; x_wconf 77' lang='lat' dir='ltr'>MEGARONIDES.</span> 
     </span>
     <span class='ocr_line' id='line_1_15' title="bbox 101 1210 605 1278; baseline -0.016 -14"><span class='ocrx_word' id='word_1_60' title='bbox 101 1215 284 1264; x_wconf 87' lang='lat' dir='ltr'><strong>Dedisti</strong></span> <span class='ocrx_word' id='word_1_61' title='bbox 314 1210 605 1278; x_wconf 84' lang='lat' dir='ltr'><strong>argentum?</strong></span> 
     </span>
     <span class='ocr_line' id='line_1_16' title="bbox 459 1295 1015 1332; baseline -0.009 0"><span class='ocrx_word' id='word_1_62' title='bbox 459 1299 486 1331; x_wconf 90' lang='lat' dir='ltr'><strong>c</strong></span> <span class='ocrx_word' id='word_1_63' title='bbox 524 1298 559 1331; x_wconf 91' lang='lat' dir='ltr'>A</span> <span class='ocrx_word' id='word_1_64' title='bbox 596 1299 627 1332; x_wconf 79' lang='grc' dir='ltr'><strong>Ι,</strong></span> <span class='ocrx_word' id='word_1_65' title='bbox 662 1297 692 1329; x_wconf 91' lang='lat'><strong>1.</strong></span> <span class='ocrx_word' id='word_1_66' title='bbox 727 1297 749 1329; x_wconf 93' lang='lat'>1</span> <span class='ocrx_word' id='word_1_67' title='bbox 785 1296 812 1329; x_wconf 90' lang='lat' dir='ltr'><strong>c</strong></span> <span class='ocrx_word' id='word_1_68' title='bbox 848 1296 879 1328; x_wconf 84' lang='grc' dir='ltr'><strong>Ι,</strong></span> <span class='ocrx_word' id='word_1_69' title='bbox 914 1296 943 1328; x_wconf 82' lang='grc' dir='ltr'>Ε</span> <span class='ocrx_word' id='word_1_70' title='bbox 979 1295 1015 1328; x_wconf 87' lang='lat' dir='ltr'><strong>s.</strong></span> 
     </span>
     <span class='ocr_line' id='line_1_17' title="bbox 627 1353 1347 1419; baseline -0.004 -17"><span class='ocrx_word' id='word_1_71' title='bbox 627 1357 849 1403; x_wconf 88' lang='lat' dir='ltr'><strong>Factum:</strong></span> <span class='ocrx_word' id='word_1_72' title='bbox 882 1371 1040 1415; x_wconf 92' lang='lat' dir='ltr'><strong>neque</strong></span> <span class='ocrx_word' id='word_1_73' title='bbox 1068 1353 1178 1399; x_wconf 84' lang='lat' dir='ltr'><strong>faeti</strong></span> <span class='ocrx_word' id='word_1_74' title='bbox 1203 1355 1347 1419; x_wconf 87' lang='lat' dir='ltr'><strong>piget.</strong></span> 
     </span>
     <span class='ocr_line' id='line_1_18' title="bbox 389 1440 1204 1476; baseline -0.005 0"><span class='ocrx_word' id='word_1_75' title='bbox 389 1440 1204 1476; x_wconf 78' lang='lat' dir='ltr'><strong>MEGARONIDES.·</strong></span> 
     </span>
     <span class='ocr_line' id='line_1_19' title="bbox 105 1499 1378 1561; baseline -0.002 -14"><span class='ocrx_word' id='word_1_76' title='bbox 105 1500 292 1561; x_wconf 89' lang='lat' dir='ltr'><strong>Edepol</strong></span> <span class='ocrx_word' id='word_1_77' title='bbox 316 1499 430 1545; x_wconf 88' lang='lat' dir='ltr'><strong>fidei</strong></span> <span class='ocrx_word' id='word_1_78' title='bbox 456 1500 804 1545; x_wconf 87' lang='lat' dir='ltr'><strong>adulescentem</strong></span> <span class='ocrx_word' id='word_1_79' title='bbox 833 1499 1116 1545; x_wconf 86' lang='lat' dir='ltr'><strong>mandatum</strong></span> <span class='ocrx_word' id='word_1_80' title='bbox 1137 1501 1312 1545; x_wconf 78' lang='lat' dir='ltr'><strong>malae!</strong></span> <span class='ocrx_word' id='word_1_81' title='bbox 1374 1514 1378 1516; x_wconf 70' lang='grc'>’</span> 
     </span>
    </p>
   </div>
   <div class='ocr_carea' id='block_1_3' title="bbox 106 1572 1389 2137">
    <p class='ocr_par' dir='ltr' id='par_1_3' title="bbox 106 1572 1389 2137">
     <span class='ocr_line' id='line_1_20' title="bbox 106 1572 1385 1636; baseline -0.002 -15"><span class='ocrx_word' id='word_1_82' title='bbox 106 1574 350 1621; x_wconf 89' lang='lat' dir='ltr'><strong>Dedistine</strong></span> <span class='ocrx_word' id='word_1_83' title='bbox 367 1573 459 1619; x_wconf 93' lang='lat' dir='ltr'><strong>hoc</strong></span> <span class='ocrx_word' id='word_1_84' title='bbox 478 1585 619 1634; x_wconf 90' lang='lat' dir='ltr'><strong>pacto</strong></span> <span class='ocrx_word' id='word_1_85' title='bbox 639 1575 682 1619; x_wconf 91' lang='lat' dir='ltr'><strong>ei</strong></span> <span class='ocrx_word' id='word_1_86' title='bbox 701 1572 909 1636; x_wconf 88' lang='lat' dir='ltr'><strong>gladium</strong></span> <span class='ocrx_word' id='word_1_87' title='bbox 921 1606 935 1628; x_wconf 92' lang='lat'>,</span> <span class='ocrx_word' id='word_1_88' title='bbox 953 1573 1037 1632; x_wconf 92' lang='lat' dir='ltr'><strong>qui</strong></span> <span class='ocrx_word' id='word_1_89' title='bbox 1053 1589 1100 1618; x_wconf 87' lang='lat' dir='ltr'><strong>se</strong></span> <span class='ocrx_word' id='word_1_90' title='bbox 1119 1573 1385 1619; x_wconf 84' lang='lat' dir='ltr'><strong>occideret?</strong></span> 
     </span>
     <span class='ocr_line' id='line_1_21' title="bbox 110 1647 1383 1716; baseline 0 -24"><span class='ocrx_word' id='word_1_91' title='bbox 110 1647 247 1716; x_wconf 77' lang='lat' dir='ltr'><strong>Quid</strong></span> <span class='ocrx_word' id='word_1_92' title='bbox 267 1663 395 1692; x_wconf 91' lang='lat' dir='ltr'><strong>secus</strong></span> <span class='ocrx_word' id='word_1_93' title='bbox 413 1658 502 1703; x_wconf 88' lang='lat' dir='ltr'><strong>est,</strong></span> <span class='ocrx_word' id='word_1_94' title='bbox 518 1659 600 1693; x_wconf 90' lang='lat' dir='ltr'><strong>aut</strong></span> <span class='ocrx_word' id='word_1_95' title='bbox 615 1647 735 1708; x_wconf 90' lang='lat' dir='ltr'><strong>quid</strong></span> <span class='ocrx_word' id='word_1_96' title='bbox 750 1647 939 1692; x_wconf 85' lang='lat' dir='ltr'><strong>interest</strong></span> <span class='ocrx_word' id='word_1_97' title='bbox 956 1647 1067 1692; x_wconf 86' lang='lat' dir='ltr'><strong>dare</strong></span> <span class='ocrx_word' id='word_1_98' title='bbox 1083 1658 1131 1692; x_wconf 91' lang='lat' dir='ltr'><strong>te</strong></span> <span class='ocrx_word' id='word_1_99' title='bbox 1148 1647 1198 1692; x_wconf 90' lang='lat' dir='ltr'><strong>in</strong></span> <span class='ocrx_word' id='word_1_100' title='bbox 1215 1663 1383 1693; x_wconf 87' lang='lat' dir='ltr'><strong>manus</strong></span> 
     </span>
     <span class='ocr_line' id='line_1_22' title="bbox 109 1720 1389 1783; baseline 0 -17"><span class='ocrx_word' id='word_1_101' title='bbox 109 1720 375 1783; x_wconf 85' lang='lat' dir='ltr'><strong>Argentum</strong></span> <span class='ocrx_word' id='word_1_102' title='bbox 400 1722 576 1767; x_wconf 85' lang='lat' dir='ltr'><strong>amanti</strong></span> <span class='ocrx_word' id='word_1_103' title='bbox 597 1720 780 1766; x_wconf 87' lang='lat' dir='ltr'><strong>homini</strong></span> <span class='ocrx_word' id='word_1_104' title='bbox 810 1720 1122 1777; x_wconf 88' lang='lat' dir='ltr'><strong>adulescenti,</strong></span> <span class='ocrx_word' id='word_1_105' title='bbox 1152 1721 1298 1766; x_wconf 86' lang='lat' dir='ltr'><strong>animi</strong></span> <span class='ocrx_word' id='word_1_106' title='bbox 1314 1721 1389 1766; x_wconf 80' lang='lat' dir='ltr'><strong>in-</strong></span> 
     </span>
     <span class='ocr_line' id='line_1_23' title="bbox 362 1795 1020 1856; baseline 0.003 -2"><span class='ocrx_word' id='word_1_107' title='bbox 362 1795 497 1856; x_wconf 84' lang='lat' dir='ltr'><strong>poti,</strong></span> <span class='ocrx_word' id='word_1_108' title='bbox 1013 1851 1020 1856; x_wconf 82' lang='grc'><strong>.</strong></span> 
     </span>
     <span class='ocr_line' id='line_1_24' title="bbox 114 1864 1314 1933; baseline 0 -24"><span class='ocrx_word' id='word_1_109' title='bbox 114 1864 215 1933; x_wconf 71' lang='lat' dir='ltr'><strong>Qui</strong></span> <span class='ocrx_word' id='word_1_110' title='bbox 241 1865 562 1911; x_wconf 75' lang='lat' dir='ltr'><strong>exaedificaret</strong></span> <span class='ocrx_word' id='word_1_111' title='bbox 590 1881 723 1910; x_wconf 87' lang='lat' dir='ltr'><strong>suam</strong></span> <span class='ocrx_word' id='word_1_112' title='bbox 750 1865 1015 1910; x_wconf 88' lang='lat' dir='ltr'><strong>inchoatam</strong></span> <span class='ocrx_word' id='word_1_113' title='bbox 1046 1864 1277 1928; x_wconf 83' lang='lat' dir='ltr'><strong>ignaviam</strong></span> <span class='ocrx_word' id='word_1_114' title='bbox 1291 1864 1314 1909; x_wconf 58' lang='grc' dir='ltr'><strong>Ξ)</strong></span> 
     </span>
     <span class='ocr_line' id='line_1_25' title="bbox 469 1957 1024 1992; baseline 0.002 -3"><span class='ocrx_word' id='word_1_115' title='bbox 469 1958 496 1989; x_wconf 92' lang='lat' dir='ltr'><strong>c</strong></span> <span class='ocrx_word' id='word_1_116' title='bbox 531 1958 566 1990; x_wconf 90' lang='lat' dir='ltr'>A</span> <span class='ocrx_word' id='word_1_117' title='bbox 600 1958 631 1990; x_wconf 88' lang='lat' dir='ltr'>L</span> <span class='ocrx_word' id='word_1_118' title='bbox 667 1959 698 1991; x_wconf 84' lang='lat'><strong>1.</strong></span> <span class='ocrx_word' id='word_1_119' title='bbox 733 1958 754 1990; x_wconf 94' lang='lat'>1</span> <span class='ocrx_word' id='word_1_120' title='bbox 790 1959 817 1990; x_wconf 90' lang='lat' dir='ltr'><strong>c</strong></span> <span class='ocrx_word' id='word_1_121' title='bbox 853 1960 884 1992; x_wconf 86' lang='grc' dir='ltr'><strong>Ι,</strong></span> <span class='ocrx_word' id='word_1_122' title='bbox 918 1959 949 1991; x_wconf 81' lang='lat' dir='ltr'>E</span> <span class='ocrx_word' id='word_1_123' title='bbox 986 1957 1024 1990; x_wconf 89' lang='lat' dir='ltr'><strong>s.</strong></span> 
     </span>
     <span class='ocr_line' id='line_1_26' title="bbox 114 2010 1035 2081; baseline 0 -19"><span class='ocrx_word' id='word_1_124' title='bbox 114 2017 228 2063; x_wconf 92' lang='lat' dir='ltr'><strong>Non</strong></span> <span class='ocrx_word' id='word_1_125' title='bbox 258 2033 346 2081; x_wconf 88' lang='lat' dir='ltr'><strong>ego</strong></span> <span class='ocrx_word' id='word_1_126' title='bbox 376 2016 444 2061; x_wconf 91' lang='lat' dir='ltr'><strong>illi</strong></span> <span class='ocrx_word' id='word_1_127' title='bbox 473 2010 723 2081; x_wconf 86' lang='lat' dir='ltr'><strong>argentum</strong></span> <span class='ocrx_word' id='word_1_128' title='bbox 750 2017 1035 2064; x_wconf 81' lang='lat' dir='ltr'><strong>redderem?</strong></span> 
     </span>
     <span class='ocr_line' id='line_1_27' title="bbox 406 2102 1136 2137; baseline 0 -2"><span class='ocrx_word' id='word_1_129' title='bbox 406 2102 1136 2137; x_wconf 76' lang='lat' dir='ltr'>MEGARONIDES.</span> 
     </span>
    </p>
   </div>
   <div class='ocr_carea' id='block_1_4' title="bbox 117 2162 1394 2444">
    <p class='ocr_par' dir='ltr' id='par_1_4' title="bbox 117 2162 1394 2444">
     <span class='ocr_line' id='line_1_28' title="bbox 1009 2162 1391 2210; baseline 0.005 -3"><span class='ocrx_word' id='word_1_130' title='bbox 1009 2162 1120 2207; x_wconf 90' lang='lat' dir='ltr'><strong>Non</strong></span> <span class='ocrx_word' id='word_1_131' title='bbox 1150 2162 1391 2210; x_wconf 82' lang='lat' dir='ltr'><strong>redderes:</strong></span> 
     </span>
     <span class='ocr_line' id='line_1_29' title="bbox 117 2233 1394 2296; baseline -0.001 -14"><span class='ocrx_word' id='word_1_132' title='bbox 117 2235 287 2296; x_wconf 86' lang='lat' dir='ltr'><strong>Neque</strong></span> <span class='ocrx_word' id='word_1_133' title='bbox 315 2234 377 2280; x_wconf 91' lang='lat' dir='ltr'><strong>de</strong></span> <span class='ocrx_word' id='word_1_134' title='bbox 406 2234 489 2280; x_wconf 87' lang='lat' dir='ltr'><strong>illo</strong></span> <span class='ocrx_word' id='word_1_135' title='bbox 515 2233 781 2294; x_wconf 85' lang='lat' dir='ltr'><strong>quidquam</strong></span> <span class='ocrx_word' id='word_1_136' title='bbox 810 2249 972 2295; x_wconf 90' lang='lat' dir='ltr'><strong>neque</strong></span> <span class='ocrx_word' id='word_1_137' title='bbox 1001 2251 1175 2282; x_wconf 83' lang='lat' dir='ltr'><strong>emeres</strong></span> <span class='ocrx_word' id='word_1_138' title='bbox 1190 2270 1205 2293; x_wconf 89' lang='lat'>,</span> <span class='ocrx_word' id='word_1_139' title='bbox 1235 2251 1394 2296; x_wconf 89' lang='lat' dir='ltr'><strong>neque</strong></span> 
     </span>
     <span class='ocr_line' id='line_1_30' title="bbox 368 2307 624 2365; baseline -0.008 -11"><span class='ocrx_word' id='word_1_140' title='bbox 368 2307 594 2354; x_wconf 86' lang='lat' dir='ltr'><strong>venderes</strong></span> <span class='ocrx_word' id='word_1_141' title='bbox 610 2341 624 2365; x_wconf 90' lang='lat'>‚</span> 
     </span>
     <span class='ocr_line' id='line_1_31' title="bbox 118 2380 1190 2444; baseline 0.001 -17"><span class='ocrx_word' id='word_1_142' title='bbox 118 2380 216 2428; x_wconf 88' lang='lat' dir='ltr'><strong>Nec</strong></span> <span class='ocrx_word' id='word_1_143' title='bbox 232 2416 246 2440; x_wconf 88' lang='lat'>‚</span> <span class='ocrx_word' id='word_1_144' title='bbox 271 2382 356 2443; x_wconf 89' lang='lat' dir='ltr'><strong>qui</strong></span> <span class='ocrx_word' id='word_1_145' title='bbox 391 2381 591 2427; x_wconf 81' lang='lat' dir='ltr'><strong>deterior</strong></span> <span class='ocrx_word' id='word_1_146' title='bbox 623 2391 763 2439; x_wconf 84' lang='lat' dir='ltr'><strong>esset,</strong></span> <span class='ocrx_word' id='word_1_147' title='bbox 787 2380 956 2428; x_wconf 87' lang='lat' dir='ltr'><strong>faceres</strong></span> <span class='ocrx_word' id='word_1_148' title='bbox 986 2382 1190 2444; x_wconf 88' lang='lat' dir='ltr'><strong>copiam.</strong></span> 
     </span>
    </p>
   </div>
  </div>
 </body>
</html>
