1630 2866
230 146 325 198 '404
628 131 1111 183 STICHUS.
1417 150 1514 185 v.1

592 267 982 325 SCE‘NA
1047 280 1144 326 11.

279 406 918 445 SAGARINUS,
989 407 1467 448 STIGHUS.

587 537 1178 573 SAGARINUS.

226 591 551 709 SALVETE
573 689 587 714 ,
618 654 861 714 Athenae,
897 673 1019 717 quae
1048 656 1253 704 nutrices
1281 657 1516 705 Graeciae.

225 730 369 776 Terra
397 729 550 775 herilis
579 729 753 791 patria!
789 741 835 775 te
862 729 1005 776 video
1039 729 1203 776 libens.

228 803 324 850 Sed
338 803 487 849 amica
505 819 611 849 mea
625 814 672 849 et
690 820 914 851 conserva
931 803 1053 866 quid
1067 813 1171 868 agat
1181 802 1518 866 Stephanium,

226 878 349 922 Cura
375 887 467 934 est,
492 887 548 922 ut
574 878 737 930 valeat.
766 895 875 923 narn
899 876 1063 924 Sticho
1091 877 1458 934 mandaveram,

222 950 435 997 Salutem
467 961 519 996 ut
553 952 827 1002 nuntiaret;
861 962 1006 1012 atque
1033 951 1076 996 ei
1105 960 1161 996 ut
1185 949 1394 1007 diceret,

221 1023 303 1069 Me
326 1023 472 1068 hodie
491 1035 751 1070 venturum
766 1057 780 1081 ,
816 1035 870 1069 ut
904 1039 1104 1070 coenam
1133 1032 1366 1083 coqueret
1385 1031 1511 1067 tem-

482 1095 597 1155 peri.

220 1166 315 1214 Sed
341 1166 525 1214 Stichus
565 1177 633 1212 est
656 1166 732 1212 hic
758 1164 973 1226 quidem.

647 1251 669 1286 S
707 1252 737 1286 T
773 1251 792 1283 Ι
831 1251 857 1283 C
894 1250 930 1283 H
965 1249 1002 1283 U
1038 1247 1077 1282 S.

887 1310 1084 1367 Fecisti,
1110 1309 1226 1355 here
1241 1342 1256 1366 ,
1289 1307 1472 1356 facetias
1489 1341 1506 1366 ‚

219 1389 388 1458 Quom
405 1387 495 1432 hoc
516 1383 750 1431 donavisti
767 1383 899 1430 dono
917 1394 1060 1430 tuum
1072 1398 1260 1429 servom
1273 1381 1501 1430 Stichum.

217 1461 308 1506 Pro
328 1461 408 1506 Dii
429 1461 721 1516 inmortaleS,
747 1471 868 1519 quot
889 1475 976 1523 ego
993 1459 1260 1520 voluptates
1280 1457 1404 1505 fero!

219 1535 358 1602 Quot
385 1534 600 1579 risiones!
637 1543 757 1593 quot
784 1533 941 1596 jocos!
982 1542 1103 1592 quot
1129 1531 1272 1578 savia!

217 1606 491 1653 Saltationes
506 1642 519 1664 ‚
557 1605 806 1653 blanditias
822 1639 834 1663 ‚
867 1605 1185 1668 prothymias!

219 1744 248 1792 S
575 1690 1153 1726 SAGARINUS.

252 1746 402 1792 tiche!

639 1819 1070 1854 STICHUS.

410 1874 565 1921 Hem!

574 1948 1147 1984 SAGARINUS.

565 2007 704 2077 Quid
735 2008 823 2054 fit?

637 2094 659 2127 s
697 2095 728 2127 T
764 2095 785 2127 1
823 2094 851 2127 c
883 2093 917 2127 H
953 2093 989 2125 U
1026 2090 1064 2127 s.

760 2156 891 2219 Euge
901 2189 916 2212 ‚
934 2154 1150 2219 Sagarine
1168 2151 1490 2215 lepidissume!

216 2232 335 2278 Fero
360 2230 611 2277 convivam
628 2228 901 2292 Dionysum
921 2227 1135 2288 mihique
1153 2238 1200 2273 et
1220 2225 1322 2272 tibi.

215 2301 438 2364 Namque
470 2303 646 2363 edepol
677 2319 824 2349 coena
853 2302 977 2349 dicta
1005 2313 1100 2373 εει-ζ
1119 2296 1248 2346 locus
1267 2295 1388 2344 liber
1407 2296 1489 2343 da-

462 2387 539 2421 tus
575 2386 643 2421 est
