1630 2866
251 189 344 238 174
578 174 1228 225 PSEUDOLUS.
1412 190 1542 240 v.3·1

707 295 742 328 H
778 295 812 329 A
851 296 884 329 R
918 295 947 328 P
984 296 1020 330 A
1054 297 1106 332 X.
1164 316 1166 319 v

249 350 365 397 Tibi
383 365 469 413 ego
491 348 636 395 dem?

333 442 335 445 ’
612 445 641 477 Ρ
681 444 704 478 S
739 443 770 477 E
807 444 844 477 U
880 445 917 478 D
954 445 988 478 Ο
1025 444 1057 478 L
1092 444 1127 477 U
1165 445 1202 479 S.

448 507 571 554 Mihi
594 507 750 553 hercle
767 523 906 564 vero,
929 507 1015 568 qui
1035 518 1106 552 res
1122 506 1420 570 rationesque
1439 510 1543 558 heri

257 583 479 632 Ballionis
505 599 645 640 curo,
674 594 897 644 accepto,
931 598 1168 644 expenso,
1193 593 1240 628 et
1262 581 1381 645 qhoi
1400 586 1545 633 debet

509 655 633 703 dato,

710 735 745 768 H
782 735 817 769 A
852 736 887 770 R
923 737 952 770 P
988 737 1024 769 A
1057 736 1110 770 X.

252 795 503 859 Siquidem
531 796 687 843 hercle
709 797 850 843 etiam
881 798 1090 859 supremi
1111 808 1327 862 promtes
1363 798 1548 860 thesau-

507 886 582 916 ros
604 869 737 928 Jovis
753 905 766 928 ‚

255 944 370 991 Tibi
397 944 609 991 libellam
627 945 804 1009 argenti
823 961 1091 1007 numquam
1115 944 1316 992 credam.

611 1039 640 1071 P
679 1038 701 1070 s
736 1038 767 1071 Ε
804 1039 839 1071 U
875 1040 910 1072 D
949 1039 981 1071 o
1017 1039 1047 1071 1.
1086 1038 1122 1070 U
1156 1037 1195 1071 s.

1059 1097 1196 1144 Dum
1224 1108 1281 1144 tu
1308 1109 1511 1144 strenuas
1527 1130 1546 1155 ,

256 1160 347 1208 Res
376 1170 472 1206 erat
498 1160 664 1206 soluta.

701 1238 737 1271 Η
772 1238 806 1271 Α
842 1239 874 1272 R
908 1238 939 1271 P
978 1238 1013 1271 A
1049 1239 1100 1272 x.

674 1295 898 1343 Vinctam
917 1298 1079 1359 potius
1101 1297 1163 1344 sic
1182 1312 1438 1344 servavero.

612 1395 642 1429 P
679 1393 700 1427 s
735 1395 766 1428 E
804 1395 840 1428 U
877 1397 912 1429 D
951 1397 983 1430 o
1018 1397 1049 1429 Ι,
1086 1395 1122 1428 U
1159 1395 1197 1430 s.

254 1458 356 1507 Vae
383 1457 498 1504 tibi!
530 1468 584 1502 tu
610 1457 833 1503 inventus
860 1475 1004 1518 vero,
1036 1474 1195 1506 meam
1224 1459 1309 1520 qui
1337 1457 1541 1506 furcilles

506 1530 680 1576 fidem!
1467 1543 1469 1545 ’

256 1605 405 1675 Quasi
432 1605 551 1651 mihi
576 1620 678 1650 non
703 1615 925 1650 sexcenta
953 1614 1084 1650 tanta
1112 1603 1199 1650 soli
1226 1604 1408 1650 soleant
1436 1617 1541 1660 cre-3

509 1678 639 1725 dier!
932 1742 939 1749 x

710 1753 1103 1789 HARPAX.

255 1819 413 1867 Potest
425 1820 451 1878 ,ξ
468 1829 524 1865 ut
553 1819 629 1864 alii
654 1818 717 1863 ita
743 1817 1030 1862 arbitrentur
1047 1850 1062 1873 ‚
1091 1826 1138 1861 et
1168 1830 1256 1880 ego
1281 1825 1338 1860 ut
1359 1829 1419 1860 ne
1439 1828 1538 1860 cre-

510 1893 622 1938 dam
646 1891 745 1936 tibi.

611 1985 639 2017 P
676 1983 698 2017 s
734 1984 764 2015 E
802 1982 838 2015 U
874 1983 909 2015 D
947 1983 979 2016 o
1016 1981 1047 2015 L
1084 1980 1120 2013 U
1155 1979 1192 2014 s.

255 2059 404 2127 Quasi
428 2068 483 2103 tu
513 2055 662 2114 dicaS,
697 2071 775 2101 me
807 2066 856 2102 te
889 2055 1011 2101 velle
1039 2062 1233 2117 argento
1264 2047 1533 2105 circumduf

509 2145 625 2175 cere.

688 2207 737 2240 -Η
773 2208 807 2240 A
845 2207 878 2240 R
913 2206 941 2239 P
978 2206 1013 2239 A
1050 2205 1101 2240 x.

255 2281 414 2326 Im1r10
443 2295 557 2327 vero
583 2277 715 2339 quasi
744 2288 799 2322 tu
827 2276 975 2336 dicas,
1008 2274 1234 2338 quasique
1263 2286 1349 2337 ego
1368 2280 1527 2317 autem

514 2350 566 2395 id
595 2350 808 2411 suspicer.

255 2423 351 2470 Sed
372 2424 492 2486 quid
513 2434 579 2470 est
595 2423 684 2470 tibi
703 2422 915 2469 nomen?
