1630 2866
243 170 337 220 208
568 164 1246 216 PSEUDOLUS..
1431 186 1532 219 v.1·

645 314 1022 363 SCENA
1092 316 1138 363 V.

705 452 1107 491 BALLIQ'

246 511 399 628 HA
430 578 540 625 hae!
587 592 718 624 nunc
750 576 950 624 demum
982 575 1101 622 mihi
1133 575 1316 622 animus
1346 576 1397 623 in
1426 587 1534 624 tuto

503 663 571 700 est
596 654 730 711 loco,

248 728 509 789 Postquam
549 727 634 773 iste
674 727 788 773 hinc
824 725 941 773 abiit
958 761 973 784 ,
1012 736 1157 788 atque
1193 724 1396 771 abduxit
1427 742 1536 772 mu-

507 801 683 846 lierem.
1539 791 1544 806 '

250 875 394 921 Libet
424 891 554 921 nunc
582 874 744 922 venire
762 873 1055 920 Pseudolum
1071 907 1085 931 ,
1109 874 1340 920 scelerum
1368 885 1538 938 caput,

251 951 312 996 Et
337 950 577 996 abducere
610 966 637 995 a
664 965 744 994 me
770 948 1023 996 mulierem
1054 947 1253 994 fallaciis.

251 1023 505 1084 Conceptis
538 1023 696 1068 hercle
730 1022 913 1079 verbis,
949 1022 1052 1067 satis
1077 1032 1210 1068 certo
1239 1021 1334 1068 scio
1351 1055 1367 1079 ‚

250 1097 352 1160 Ego
387 1097 620 1159 perjurare
651 1096 903 1141 mavellem
938 1111 1016 1140 me
1049 1094 1217 1142 millies
1235 1127 1250 1150 ,

251 1169 418 1238 Quam
449 1168 569 1214 mihi
596 1168 734 1214 illum
762 1167 907 1213 verba
941 1183 1026 1228 per
1061 1166 1383 1213 deridiculum
1414 1163 1538 1210 dare.·

248 1241 392 1288 Nunc
425 1240 657 1287 deridebo
695 1241 854 1286 hercle
889 1241 1166 1298 hominem,
1189 1239 1226 1285 si
1255 1253 1538 1285 convenere.

252 1315 436 1361 Verum
464 1315 515 1360 in
536 1314 789 1376 pistrinum
804 1349 818 1371 ‚
853 1313 994 1359 credo
1010 1347 1024 1370 ‚
1060 1323 1117 1358 ut
1144 1310 1399 1367 convenit,
1425 1308 1537 1355 fore.

252 1388 394 1434 Nunc
431 1404 517 1452 ego
543 1386 793 1433 Simonem
818 1386 936 1431 mihi
966 1386 1158 1432 obviam
1183 1384 1343 1431 veniat
1362 1383 1544 1441 velim,

253 1461 320 1509 Ut
346 1478 453 1508 mea
488 1460 666 1506 laetitia
694 1461 840 1505 laetus
870 1459 1153 1521 promiscam
1183 1458 1279 1505 siet.

615 1601 984 1650 SCENA
1066 1600 1172 1647 VI.

518 1745 809 1783 SIMO,
877 1741 1277 1779 BALLIO.

779 1872 1025 1906 slMo.

257 1928 387 2044 VI
409 2005 431 2041 S
456 2006 488 2039 ο
511 2027 526 2050 ,
562 1991 683 2053 quid
716 2008 876 2038 rerum
906 2008 1039 2038 meus
1075 1991 1271 2058 Ulysses⁴
1290 1992 1433 2056 egerit
1451 2025 1469 2051 ,

249 2066 420 2126 jamne
448 2066 616 2112 habeat
645 2066 835 2129 signum
862 2082 922 2111 ex
952 2082 1055 2112 arce
1080 2066 1316 2113 Ballionia.

714 2151 743 2183 Β
783 2151 817 2184 Α
854 2151 883 2183 L
919 2151 949 2183 L
986 2152 1006 2184 1
1044 2151 1090 2183 o.

256 2217 305 2264 O
331 2216 595 2275 fortunate,
631 2215 752 2262 cedo
781 2215 1072 2262 fortunatam
1101 2228 1301 2261 manum
1318 2244 1336 2269 ‚

256 2287 413 2336 Simo!

774 2365 798 2401 S
833 2367 855 2400 1
891 2368 935 2401 Μ
972 2367 1020 2401 O.

418 2418 556 2490 Quid
580 2418 676 2465 est?
