1630 2866
202 202 228 249 z
492 196 1166 247 PROLOGUS
1349 197 1483 261 283

201 310 298 359 Sed
324 311 391 357 illi
424 321 595 374 patruo
623 310 794 373 hujus,
823 307 909 368 qui
937 308 1056 354 vivit
1087 323 1258 367 senex,

202 383 549 448 Carthaginensi
580 382 702 428 duae
735 380 866 427 fuere
895 380 1043 426 filiae:

203 458 363 506 Altera
395 456 718 518 quinquennis
733 490 746 511 ‚
778 457 920 501 altera
953 453 1262 516 quadrimula.

178 562 179 565 =
204 533 333 580 Cum
365 533 550 578 nutrice
578 549 673 578 una
700 531 889 594 periere.
926 547 953 575 a
980 530 1246 596 Megaribus

204 608 292 655 Eas
325 607 410 667 qui
438 607 675 668 subripuit
693 641 707 663 ‚
742 606 793 651 in
824 605 1135 651 Anactorium
1172 603 1392 661 devehit,

205 679 485 741 Venditque
510 681 589 726 has
618 680 770 725 omnis
788 714 801 736 ‚
832 690 878 724 et
901 678 1164 734 nutricem,
1186 689 1235 724 et
1258 678 1455 741 virgines
1471 707 1488 733 ,

204 753 441 800 Praesenti
476 763 669 816 argento
688 787 700 808 ‚
729 751 944 809 homini,
975 752 1008 797 si
1040 753 1152 797 leno
1174 751 1228 796 ’st
1253 750 1402 796 homo
1419 783 1434 806 ‚

206 826 463 894 Quantum
493 825 748 870 hominum
778 836 900 870 terra
930 825 1149 880 sustinet,
1178 838 1457 869 sacerrumo.

207 896 407 944 Vosmet
436 913 566 944 nunc
594 897 731 943 facite
758 898 1080 960 conjecturam
1111 907 1323 941 ceterum
1343 929 1358 952 ,

209 972 350 1044 Quid
376 972 428 1017 id
456 972 512 1017 sit
541 970 774 1025 hominis,
809 970 928 1029 quoi
956 966 1088 1030 Lyco
1118 983 1300 1012 nomen
1329 967 1426 1013 siet.

205 1046 253 1091 Is
286 1062 346 1091 ex
369 1044 652 1099 Anactorio,
684 1043 770 1088 ubi
797 1042 925 1103 prius
947 1041 1260 1095 habitaverat,

211 1119 324 1165 Huc
354 1117 664 1182 conmigravit
696 1116 747 1162 in
781 1115 1079 1178 Calydonem
1107 1114 1235 1160 haud
1267 1114 1352 1160 diu
1370 1148 1385 1171 ‚

209 1190 297 1237 Sui
328 1190 506 1251 quaesti
534 1206 701 1235 caussa.
740 1189 774 1233 is
811 1189 862 1233 in
887 1188 974 1233 illis
1005 1188 1184 1234 habitat
1210 1186 1418 1233 aedibus.

213 1263 387 1310 Earum
412 1262 489 1307 hic
513 1261 781 1307 adulescens
806 1262 997 1307 alteram
1031 1260 1237 1306 efflictim
1259 1261 1382 1322 perit

214 1337 359 1384 Suam
371 1336 458 1382 sibi
474 1346 721 1398 cognatam
734 1333 1009 1396 inprudens,
1022 1350 1183 1394 neque
1197 1334 1298 1391 scit,
1311 1351 1432 1394 quae
1443 1350 1495 1381 ea

213 1408 285 1457 Sit
295 1428 307 1462 3
334 1424 492 1469 neque
527 1424 630 1452 eam
657 1423 891 1468 umquam
921 1406 1097 1470 tetigit:
1138 1406 1203 1451 ita
1235 1422 1347 1451 eum
1380 1407 1494 1453 leno

467 1491 682 1526 macerat.

214 1553 388 1615 Neque
407 1552 680 1614 quidquam
705 1568 817 1597 curn
838 1568 892 1597 ea
909 1552 1018 1599 fecit
1037 1552 1298 1598 etiamnum
1320 1550 1498 1612 stupri,

217 1626 389 1687 Neque
410 1627 549 1671 duxit
567 1643 825 1687 umquam;
854 1642 1013 1686 neque
1029 1625 1107 1670 ille
1121 1625 1276 1670 voluit
1298 1625 1496 1670 mittere.

217 1699 347 1767 Quia
363 1715 515 1743 amare
533 1698 682 1744 cernit
697 1733 710 1755 ‚
732 1710 923 1761 tangere
940 1697 1185 1743 hominem
1208 1697 1311 1742 volt
1334 1696 1463 1742 bolo.

215 1773 354 1818 Illam
382 1772 620 1817 minorem
650 1772 700 1816 in
733 1772 1107 1817 concubinatum
1137 1771 1224 1816 sibi

216 1843 334 1890 Volt
368 1861 523 1890 emere
549 1844 682 1889 miles
712 1844 909 1904 quidam
925 1879 938 1901 ,
966 1844 1049 1904 qui
1072 1843 1201 1888 illam
1231 1842 1427 1903 deperit.

217 1916 314 1964 Sed
331 1929 466 1980 pater
482 1917 670 1962 illarum
688 1917 892 1975 Poenus,
910 1928 1166 1979 postquam
1181 1932 1252 1961 eas
1271 1915 1501 1976 perdidit,

217 1991 439 2051 Marique
466 2000 688 2052 terraque
723 2008 1068 2053 usquequaque
1100 1991 1343 2052 quaeritat.

218 2063 314 2110 Ubi
348 2079 593 2125 quamque
621 2064 672 2109 in
698 2065 872 2110 urbem
903 2077 970 2110 est
999 2065 1226 2128 ingressus
1246 2098 1259 2121 ‚
1292 2063 1419 2108 illico

219 2136 392 2183 Omnis
409 2136 678 2182 meretrices
691 2171 706 2194 ,
722 2137 808 2183 ubi
825 2137 1025 2198 quisque
1045 2136 1276 2193 habitant,
1291 2133 1498 2181 invenit:

218 2208 315 2254 Dat
339 2225 536 2265 aurum,
567 2208 700 2254 ducit
721 2220 938 2255 noctem:
973 2209 1142 2273 rogitat
1163 2209 1370 2270 postibi,
1444 2239 1448 2243 ,

218 2280 362 2327 Unde
393 2281 478 2338 sit,
521 2282 751 2342 quoiatis',
789 2294 985 2345 captane
1019 2301 1077 2329 an
1109 2283 1330 2345 subrepta
1352 2281 1436 2337 sit,

219 2354 338 2420 Quo
370 2371 540 2418 genere
568 2366 731 2419 gnata,
771 2357 858 2417 qui
889 2367 1104 2417 parentes
1133 2353 1357 2399 fuverint.

219 2425 293 2471 Ita
325 2426 466 2472 docte
499 2438 645 2489 atque
678 2439 779 2474 astu
811 2428 923 2474 filias
957 2426 1141 2490 quaerit
1172 2441 1288 2472 suas.
