1630 2866
74 167 277 263 ›mro-5
404 197 736 247 ACTUS
793 195 892 243 IV.
953 195 1060 243 SC.
1114 197 1151 242 1.
1321 211 1408 258 ¹95

115 307 193 359 It'a
209 311 259 356 in
277 306 470 355 aedibus
487 316 597 352 sunt
614 304 764 350 fures:
785 303 966 365 praedo
986 304 1038 349 in
1060 318 1302 365 proxumo
1322 314 1405 350 est.

113 384 224 443 jam
242 399 270 429 a
290 397 371 428 me
395 380 471 426 hic
492 380 673 427 vicinus
695 377 826 440 apud
854 376 1016 423 forum
1042 377 1188 438 paulo
1216 377 1344 438 prius

119 459 256 505 Pater
277 455 485 503 Calidori
516 469 658 515 opere
684 451 856 514 petivit
879 467 1109 497 maxumo
1122 486 1136 509 ,

118 532 186 579 Ut
208 532 330 579 mihi
361 544 574 576 caverem
602 544 628 572 a
653 525 889 572 Pseudolo
917 541 1049 571 servo
1076 541 1164 571 suo
1182 559 1198 583 ‚

118 604 229 651 Neu
258 603 405 650 fidem
438 601 482 646 ei
518 599 755 645 haberem.
789 613 902 645 nam
940 615 1054 646 eum
1085 600 1329 647 circumire
1356 598 1412 648 in

375 675 505 720 hunc
518 673 662 737 ‚diem
676 707 689 730 ,

123 747 190 794 Ut
219 764 298 794 me
316 781 330 803 ‚
366 746 403 792 si
431 757 617 807 posset,
647 744 848 790 muliere
871 745 1227 804 interverteret,

124 820 254 867 Eum
274 819 533 880 promisisse
566 819 761 865 firmiter
793 818 914 864 dixit
941 818 1059 875 sibi,

123 892 233 940 Sese
260 890 583 938 abducturum
613 909 642 938 a
674 908 753 938 me
788 892 908 939 dolis
936 892 1262 941 Phoenicium.

124 965 268 1012 Nunc
296 964 379 1011 ibo
416 965 543 1012 intro
559 1000 573 1023 ,
606 978 754 1026 atque
786 966 973 1012 edicam
998 965 1326 1023 familiaribus,

127 1038 347 1087 Profecto
374 1054 435 1085 ne
466 1039 573 1100 quis
606 1038 876 1100 quidquam
908 1039 1069 1085 credat
1091 1039 1341 1086 Pseudolo.

428 1227 882 1286 ACTUS
961 1227 1103 1285 IV.

506 1364 901 1412 SGENA
975 1365 1015 1410 1.

243 1515 891 1561 PVSEUDOLUS.
962 1514 1288 1552 SIMIA.

482 1658 1062 1693 PSEUDOLUS.

132 1713 233 1826 SI
258 1780 497 1840 umquam
527 1790 828 1840 quemquam
851 1777 933 1825 Dii
953 1777 1223 1825 inmortales
1242 1781 1412 1828 volue-

386 1868 436 1898 re
466 1852 766 1899 esse·auxilio
787 1851 1037 1916 adjutum,
1091 1857 1095 1858 ⁷

132 1918 371 1968 Tum*me
397 1933 446 1968 et
465 1922 739 1970 Calidorum
761 1934 998 1972 servatum
1018 1925 1193 1971 volunt
1219 1941 1311 1971 esse
1327 1959 1341 1983 ‚
1366 1938 1415 1973 et

385 1996 611 2041 lenonem
642 1996 929 2043 exstinctum
944 2031 958 2055 ‚

133 2066 305 2137 Quom
329 2075 379 2112 te
395 2065 660 2129 adjutorem
685 2085 890 2132 genuere
911 2069 1031 2115 mihi
1047 2105 1062 2127 ‚
1095 2081 1193 2116 tam
1212 2069 1413 2118 doctum

387 2138 638 2192 hominem
663 2151 808 2200 atque
836 2152 1058 2188 astutum.

136 2209 232 2259 Sed
250 2210 336 2257 ubi
356 2210 450 2256 illic
471 2222 537 2256 est
550 2212 572 2256 ἓ)
593 2228 761 2257 sumne
784 2228 871 2276 ego
890 2214 1039 2259 homo
1056 2215 1299 2276 insipiens,
1326 2217 1412 2276 qui

391 2283 506 2331 haec
527 2299 720 2330 mecum
742 2296 934 2349 egomet
949 2287 1125 2346 loquor
1143 2290 1267 2334 solus
1278 2290 1299 2333 Ρ

139 2353 291 2408 Dedit
303 2354 449 2404 verba
470 2356 588 2402 mihi
608 2347 762 2405 hercle
773 2391 786 2414 ,
807 2369 863 2404 ut
880 2357 1074 2420 opinor,
1092 2361 1243 2407 malus
1262 2377 1413 2423 quom

395 2428 523 2474 malo
544 2428 687 2475 stulte
715 2428 830 2477 cavi.
852 2463 855 2465 -
916 2423 923 2429 ’

1083 2500 1129 2545 Ν
1162 2517 1188 2553 2
