<?xml version="1.0" encoding="UTF-8"?>
<!DOCTYPE html PUBLIC "-//W3C//DTD XHTML 1.0 Transitional//EN"
    "http://www.w3.org/TR/xhtml1/DTD/xhtml1-transitional.dtd">
<html xmlns="http://www.w3.org/1999/xhtml" xml:lang="en" lang="en">
 <head>
  <title>
</title>
<meta http-equiv="Content-Type" content="text/html;charset=utf-8" />
  <meta name='ocr-system' content='tesseract 3.04.00' />
  <meta name='ocr-capabilities' content='ocr_page ocr_carea ocr_par ocr_line ocrx_word'/>
</head>
<body>
  <div class='ocr_page' id='page_1' title='image "./comoediaesuperst03plauuoft_0399.png"; bbox 0 0 1630 2866; ppageno 0'>
   <div class='ocr_carea' id='block_1_1' title="bbox 73 148 1362 214">
    <p class='ocr_par' dir='ltr' id='par_1_1' title="bbox 73 148 1362 214">
     <span class='ocr_line' id='line_1_1' title="bbox 73 148 1362 214; baseline -0.008 -10"><span class='ocrx_word' id='word_1_1' title='bbox 73 169 202 214; x_wconf 82' lang='lat' dir='ltr'><strong>v.27</strong></span> <span class='ocrx_word' id='word_1_2' title='bbox 379 150 679 200; x_wconf 90' lang='lat' dir='ltr'>ACTUS</span> <span class='ocrx_word' id='word_1_3' title='bbox 729 150 828 197; x_wconf 91' lang='lat' dir='ltr'>IV.</span> <span class='ocrx_word' id='word_1_4' title='bbox 878 148 976 197; x_wconf 91' lang='lat' dir='ltr'>SC.</span> <span class='ocrx_word' id='word_1_5' title='bbox 1011 151 1048 196; x_wconf 93' lang='lat' dir='ltr'>I.</span> <span class='ocrx_word' id='word_1_6' title='bbox 1262 153 1362 211; x_wconf 65' lang='lat'>393²·</span> 
     </span>
    </p>
   </div>
   <div class='ocr_carea' id='block_1_2' title="bbox 335 267 1358 375">
    <p class='ocr_par' dir='ltr' id='par_1_2' title="bbox 335 267 1358 375">
     <span class='ocr_line' id='line_1_2' title="bbox 335 267 1113 308; baseline -0.009 0"><span class='ocrx_word' id='word_1_7' title='bbox 335 267 1113 308; x_wconf 78' lang='lat' dir='ltr'>PAMPHILIPPUS.</span> 
     </span>
     <span class='ocr_line' id='line_1_3' title="bbox 939 329 1358 375; baseline 0 -1"><span class='ocrx_word' id='word_1_8' title='bbox 939 329 1213 375; x_wconf 84' lang='lat' dir='ltr'><strong>Clementer</strong></span> <span class='ocrx_word' id='word_1_9' title='bbox 1230 329 1358 374; x_wconf 87' lang='lat' dir='ltr'>volo.</span> 
     </span>
    </p>
   </div>
   <div class='ocr_carea' id='block_1_3' title="bbox 79 401 1360 552">
    <p class='ocr_par' dir='ltr' id='par_1_3' title="bbox 79 401 1360 552">
     <span class='ocr_line' id='line_1_4' title="bbox 79 401 1360 468; baseline -0.007 -12"><span class='ocrx_word' id='word_1_10' title='bbox 79 408 279 456; x_wconf 87' lang='lat' dir='ltr'>Nosmet</span> <span class='ocrx_word' id='word_1_11' title='bbox 301 405 463 468; x_wconf 89' lang='lat' dir='ltr'>potius</span> <span class='ocrx_word' id='word_1_12' title='bbox 486 419 737 450; x_wconf 83' lang='lat' dir='ltr'>oneremus</span> <span class='ocrx_word' id='word_1_13' title='bbox 755 403 1001 449; x_wconf 82' lang='lat' dir='ltr'>vicissatim</span> <span class='ocrx_word' id='word_1_14' title='bbox 1016 401 1360 462; x_wconf 77' lang='lat' dir='ltr'>voluptatibus.</span> 
     </span>
     <span class='ocr_line' id='line_1_5' title="bbox 82 476 1328 552; baseline -0.008 -23"><span class='ocrx_word' id='word_1_15' title='bbox 82 481 245 552; x_wconf 77' lang='lat' dir='ltr'>Quam</span> <span class='ocrx_word' id='word_1_16' title='bbox 263 495 381 527; x_wconf 82' lang='lat' dir='ltr'>mox</span> <span class='ocrx_word' id='word_1_17' title='bbox 399 489 532 524; x_wconf 89' lang='lat' dir='ltr'>cocta</span> <span class='ocrx_word' id='word_1_18' title='bbox 552 489 619 523; x_wconf 89' lang='lat' dir='ltr'>est</span> <span class='ocrx_word' id='word_1_19' title='bbox 634 476 813 523; x_wconf 86' lang='lat' dir='ltr'>coena?</span> <span class='ocrx_word' id='word_1_20' title='bbox 835 476 1079 538; x_wconf 82' lang='lat' dir='ltr'>inpransus</span> <span class='ocrx_word' id='word_1_21' title='bbox 1096 490 1184 537; x_wconf 85' lang='lat' dir='ltr'>ego</span> <span class='ocrx_word' id='word_1_22' title='bbox 1206 490 1328 519; x_wconf 89' lang='lat' dir='ltr'>sum.</span> 
     </span>
    </p>
   </div>
   <div class='ocr_carea' id='block_1_4' title="bbox 436 570 1363 686">
    <p class='ocr_par' dir='ltr' id='par_1_4' title="bbox 436 570 1363 686">
     <span class='ocr_line' id='line_1_6' title="bbox 436 570 1028 607; baseline -0.008 0"><span class='ocrx_word' id='word_1_23' title='bbox 436 573 470 607; x_wconf 78' lang='grc' dir='ltr'><strong><em>Ε</em></strong></span> <span class='ocrx_word' id='word_1_24' title='bbox 506 573 535 606; x_wconf 89' lang='lat' dir='ltr'>P</span> <span class='ocrx_word' id='word_1_25' title='bbox 570 573 592 606; x_wconf 95' lang='lat'>1</span> <span class='ocrx_word' id='word_1_26' title='bbox 627 571 661 605; x_wconf 85' lang='lat' dir='ltr'>G</span> <span class='ocrx_word' id='word_1_27' title='bbox 696 572 732 605; x_wconf 99' lang='lat' dir='ltr'>N</span> <span class='ocrx_word' id='word_1_28' title='bbox 767 570 800 604; x_wconf 91' lang='lat' dir='ltr'>o</span> <span class='ocrx_word' id='word_1_29' title='bbox 839 571 881 604; x_wconf 84' lang='lat' dir='ltr'>M</span> <span class='ocrx_word' id='word_1_30' title='bbox 918 570 953 603; x_wconf 83' lang='lat' dir='ltr'>U</span> <span class='ocrx_word' id='word_1_31' title='bbox 991 570 1028 604; x_wconf 91' lang='lat' dir='ltr'>s.</span> 
     </span>
     <span class='ocr_line' id='line_1_7' title="bbox 684 629 1363 686; baseline -0.006 -10"><span class='ocrx_word' id='word_1_32' title='bbox 684 630 781 677; x_wconf 87' lang='lat' dir='ltr'>Abi</span> <span class='ocrx_word' id='word_1_33' title='bbox 808 631 931 676; x_wconf 88' lang='lat' dir='ltr'>intro</span> <span class='ocrx_word' id='word_1_34' title='bbox 959 629 1020 675; x_wconf 89' lang='lat' dir='ltr'>ad</span> <span class='ocrx_word' id='word_1_35' title='bbox 1044 644 1149 686; x_wconf 90' lang='lat' dir='ltr'>me,</span> <span class='ocrx_word' id='word_1_36' title='bbox 1176 639 1225 674; x_wconf 90' lang='lat' dir='ltr'>et</span> <span class='ocrx_word' id='word_1_37' title='bbox 1249 629 1363 675; x_wconf 87' lang='lat' dir='ltr'>lava.</span> 
     </span>
    </p>
   </div>
   <div class='ocr_carea' id='block_1_5' title="bbox 4 722 1373 1631">
    <p class='ocr_par' dir='ltr' id='par_1_5' title="bbox 4 722 1373 1631">
     <span class='ocr_line' id='line_1_8' title="bbox 341 722 1111 762; baseline -0.009 0"><span class='ocrx_word' id='word_1_38' title='bbox 341 722 1111 762; x_wconf 72' lang='lat' dir='ltr'>PAMPHILIPPUS.</span> 
     </span>
     <span class='ocr_line' id='line_1_9' title="bbox 85 790 1368 854; baseline -0.006 -11"><span class='ocrx_word' id='word_1_39' title='bbox 85 795 214 844; x_wconf 88' lang='lat' dir='ltr'>Deos</span> <span class='ocrx_word' id='word_1_40' title='bbox 247 796 501 842; x_wconf 88' lang='lat' dir='ltr'>salutatum</span> <span class='ocrx_word' id='word_1_41' title='bbox 526 803 671 854; x_wconf 90' lang='lat' dir='ltr'>atque</span> <span class='ocrx_word' id='word_1_42' title='bbox 708 807 914 839; x_wconf 86' lang='lat' dir='ltr'>uxorem</span> <span class='ocrx_word' id='word_1_43' title='bbox 940 790 1091 837; x_wconf 89' lang='lat' dir='ltr'>modo</span> <span class='ocrx_word' id='word_1_44' title='bbox 1120 791 1246 837; x_wconf 79' lang='lat' dir='ltr'>intro</span> <span class='ocrx_word' id='word_1_45' title='bbox 1282 790 1368 836; x_wconf 81' lang='lat' dir='ltr'>de-</span> 
     </span>
     <span class='ocr_line' id='line_1_10' title="bbox 331 867 912 921; baseline -0.009 -6"><span class='ocrx_word' id='word_1_46' title='bbox 331 879 494 915; x_wconf 83' lang='lat' dir='ltr'>vortor</span> <span class='ocrx_word' id='word_1_47' title='bbox 526 867 741 913; x_wconf 89' lang='lat' dir='ltr'>domum.</span> <span class='ocrx_word' id='word_1_48' title='bbox 904 916 912 921; x_wconf 36' lang='grc'><strong>,</strong></span> 
     </span>
     <span class='ocr_line' id='line_1_11' title="bbox 438 957 1039 995; baseline -0.005 0"><span class='ocrx_word' id='word_1_49' title='bbox 438 962 471 995; x_wconf 75' lang='grc' dir='ltr'><strong>Ε</strong></span> <span class='ocrx_word' id='word_1_50' title='bbox 506 961 536 994; x_wconf 99' lang='lat' dir='ltr'>P</span> <span class='ocrx_word' id='word_1_51' title='bbox 574 961 595 993; x_wconf 94' lang='lat'>1</span> <span class='ocrx_word' id='word_1_52' title='bbox 634 961 667 994; x_wconf 81' lang='lat' dir='ltr'>G</span> <span class='ocrx_word' id='word_1_53' title='bbox 702 960 737 993; x_wconf 87' lang='lat' dir='ltr'>N</span> <span class='ocrx_word' id='word_1_54' title='bbox 776 959 809 991; x_wconf 90' lang='lat' dir='ltr'>o</span> <span class='ocrx_word' id='word_1_55' title='bbox 848 958 893 991; x_wconf 84' lang='lat' dir='ltr'><strong>M</strong></span> <span class='ocrx_word' id='word_1_56' title='bbox 929 957 965 990; x_wconf 84' lang='lat' dir='ltr'>U</span> <span class='ocrx_word' id='word_1_57' title='bbox 1001 957 1039 992; x_wconf 89' lang='lat' dir='ltr'>s.</span> 
     </span>
     <span class='ocr_line' id='line_1_12' title="bbox 84 1027 1318 1094; baseline -0.003 -17"><span class='ocrx_word' id='word_1_58' title='bbox 84 1029 235 1094; x_wconf 90' lang='lat' dir='ltr'><strong>Apud</strong></span> <span class='ocrx_word' id='word_1_59' title='bbox 265 1045 351 1077; x_wconf 90' lang='lat' dir='ltr'>nos</span> <span class='ocrx_word' id='word_1_60' title='bbox 375 1029 534 1076; x_wconf 84' lang='lat' dir='ltr'>eccilla</span> <span class='ocrx_word' id='word_1_61' title='bbox 556 1027 744 1074; x_wconf 86' lang='lat' dir='ltr'>festinat</span> <span class='ocrx_word' id='word_1_62' title='bbox 769 1042 883 1072; x_wconf 90' lang='lat' dir='ltr'>cum</span> <span class='ocrx_word' id='word_1_63' title='bbox 899 1042 1058 1072; x_wconf 84' lang='lat' dir='ltr'>sorore</span> <span class='ocrx_word' id='word_1_64' title='bbox 1078 1041 1202 1072; x_wconf 85' lang='lat' dir='ltr'>uxor</span> <span class='ocrx_word' id='word_1_65' title='bbox 1224 1036 1318 1073; x_wconf 83' lang='lat' dir='ltr'>tua.</span> 
     </span>
     <span class='ocr_line' id='line_1_13' title="bbox 344 1119 1121 1156; baseline -0.004 0"><span class='ocrx_word' id='word_1_66' title='bbox 344 1119 1121 1156; x_wconf 78' lang='lat' dir='ltr'>PAMPHILIPPUS.</span> 
     </span>
     <span class='ocr_line' id='line_1_14' title="bbox 83 1188 1191 1253; baseline -0.002 -16"><span class='ocrx_word' id='word_1_67' title='bbox 83 1190 388 1253; x_wconf 88' lang='lat' dir='ltr'>Optumum&#39;</span> <span class='ocrx_word' id='word_1_68' title='bbox 391 1200 445 1236; x_wconf 89' lang='lat' dir='ltr'>st.</span> <span class='ocrx_word' id='word_1_69' title='bbox 466 1189 570 1253; x_wconf 84' lang='lat' dir='ltr'>jam</span> <span class='ocrx_word' id='word_1_70' title='bbox 598 1189 715 1235; x_wconf 86' lang='lat' dir='ltr'>istoc</span> <span class='ocrx_word' id='word_1_71' title='bbox 733 1204 893 1234; x_wconf 84' lang='lat' dir='ltr'>morae</span> <span class='ocrx_word' id='word_1_72' title='bbox 909 1188 1070 1234; x_wconf 87' lang='lat' dir='ltr'>minus</span> <span class='ocrx_word' id='word_1_73' title='bbox 1090 1188 1191 1235; x_wconf 82' lang='lat' dir='ltr'>erit.</span> 
     </span>
     <span class='ocr_line' id='line_1_15' title="bbox 441 1282 1032 1317; baseline -0.003 0"><span class='ocrx_word' id='word_1_74' title='bbox 441 1283 473 1317; x_wconf 74' lang='lat' dir='ltr'>E</span> <span class='ocrx_word' id='word_1_75' title='bbox 510 1283 541 1316; x_wconf 90' lang='lat' dir='ltr'>P</span> <span class='ocrx_word' id='word_1_76' title='bbox 576 1283 597 1316; x_wconf 88' lang='lat'>1</span> <span class='ocrx_word' id='word_1_77' title='bbox 635 1282 669 1316; x_wconf 82' lang='lat' dir='ltr'><strong>G</strong></span> <span class='ocrx_word' id='word_1_78' title='bbox 702 1283 737 1316; x_wconf 89' lang='lat' dir='ltr'>N</span> <span class='ocrx_word' id='word_1_79' title='bbox 774 1284 807 1317; x_wconf 95' lang='lat' dir='ltr'>o</span> <span class='ocrx_word' id='word_1_80' title='bbox 844 1283 888 1315; x_wconf 86' lang='lat' dir='ltr'>M</span> <span class='ocrx_word' id='word_1_81' title='bbox 923 1283 959 1315; x_wconf 82' lang='lat' dir='ltr'>U</span> <span class='ocrx_word' id='word_1_82' title='bbox 994 1282 1032 1316; x_wconf 91' lang='lat' dir='ltr'>s.</span> 
     </span>
     <span class='ocr_line' id='line_1_16' title="bbox 785 1341 1372 1406; baseline 0.002 -18"><span class='ocrx_word' id='word_1_83' title='bbox 785 1342 893 1400; x_wconf 88' lang='lat' dir='ltr'>Jam</span> <span class='ocrx_word' id='word_1_84' title='bbox 922 1359 1009 1406; x_wconf 83' lang='lat' dir='ltr'>ego</span> <span class='ocrx_word' id='word_1_85' title='bbox 1040 1341 1171 1405; x_wconf 88' lang='lat' dir='ltr'>apud</span> <span class='ocrx_word' id='word_1_86' title='bbox 1201 1352 1249 1388; x_wconf 88' lang='lat' dir='ltr'>te</span> <span class='ocrx_word' id='word_1_87' title='bbox 1279 1357 1372 1389; x_wconf 82' lang='lat' dir='ltr'>ero.</span> 
     </span>
     <span class='ocr_line' id='line_1_17' title="bbox 507 1434 971 1470; baseline -0.002 -1"><span class='ocrx_word' id='word_1_88' title='bbox 507 1436 544 1469; x_wconf 81' lang='lat' dir='ltr'>A</span> <span class='ocrx_word' id='word_1_89' title='bbox 578 1438 614 1470; x_wconf 89' lang='lat' dir='ltr'>N</span> <span class='ocrx_word' id='word_1_90' title='bbox 650 1436 682 1469; x_wconf 85' lang='grc' dir='ltr'>Τ</span> <span class='ocrx_word' id='word_1_91' title='bbox 719 1436 741 1467; x_wconf 96' lang='lat'>1</span> <span class='ocrx_word' id='word_1_92' title='bbox 776 1435 806 1468; x_wconf 92' lang='lat' dir='ltr'>P</span> <span class='ocrx_word' id='word_1_93' title='bbox 846 1434 881 1467; x_wconf 83' lang='grc' dir='ltr'>Η</span> <span class='ocrx_word' id='word_1_94' title='bbox 922 1435 971 1468; x_wconf 90' lang='lat' dir='ltr'>o.</span> 
     </span>
     <span class='ocr_line' id='line_1_18' title="bbox 4 1496 1373 1562; baseline 0.003 -23"><span class='ocrx_word' id='word_1_95' title='bbox 4 1519 25 1539; x_wconf 68' lang='grc' dir='ltr'><strong>ο</strong></span> <span class='ocrx_word' id='word_1_96' title='bbox 86 1496 367 1557; x_wconf 83' lang='lat' dir='ltr'>Priusquam</span> <span class='ocrx_word' id='word_1_97' title='bbox 406 1497 505 1542; x_wconf 89' lang='lat' dir='ltr'>abis</span> <span class='ocrx_word' id='word_1_98' title='bbox 524 1531 539 1553; x_wconf 86' lang='lat'><strong>,</strong></span> <span class='ocrx_word' id='word_1_99' title='bbox 586 1507 829 1558; x_wconf 84' lang='lat' dir='ltr'>praesente</span> <span class='ocrx_word' id='word_1_100' title='bbox 873 1506 921 1541; x_wconf 91' lang='lat' dir='ltr'>te</span> <span class='ocrx_word' id='word_1_101' title='bbox 955 1497 1068 1543; x_wconf 89' lang='lat' dir='ltr'>huic</span> <span class='ocrx_word' id='word_1_102' title='bbox 1115 1499 1373 1562; x_wconf 85' lang='lat' dir='ltr'>apologum</span> 
     </span>
     <span class='ocr_line' id='line_1_19' title="bbox 351 1570 822 1631; baseline 0 -19"><span class='ocrx_word' id='word_1_103' title='bbox 351 1584 485 1631; x_wconf 84' lang='lat' dir='ltr'>agere</span> <span class='ocrx_word' id='word_1_104' title='bbox 516 1585 671 1615; x_wconf 87' lang='lat' dir='ltr'>unum</span> <span class='ocrx_word' id='word_1_105' title='bbox 695 1570 822 1617; x_wconf 87' lang='lat' dir='ltr'>volo.</span> 
     </span>
    </p>
   </div>
   <div class='ocr_carea' id='block_1_6' title="bbox 90 1661 1040 1825">
    <p class='ocr_par' dir='ltr' id='par_1_6' title="bbox 90 1661 1040 1825">
     <span class='ocr_line' id='line_1_20' title="bbox 443 1661 1040 1697; baseline 0 -2"><span class='ocrx_word' id='word_1_106' title='bbox 443 1661 1040 1697; x_wconf 78' lang='lat' dir='ltr'>EPIGNOMUS.</span> 
     </span>
     <span class='ocr_line' id='line_1_21' title="bbox 90 1713 328 1761; baseline -0.004 -2"><span class='ocrx_word' id='word_1_107' title='bbox 90 1713 328 1761; x_wconf 88' lang='lat' dir='ltr'>Maxume.</span> 
     </span>
     <span class='ocr_line' id='line_1_22' title="bbox 512 1791 966 1825; baseline 0.002 -1"><span class='ocrx_word' id='word_1_108' title='bbox 512 1791 966 1825; x_wconf 82' lang='lat' dir='ltr'>ANTIPHO.</span> 
     </span>
    </p>
   </div>
   <div class='ocr_carea' id='block_1_7' title="bbox 93 1843 1381 2444">
    <p class='ocr_par' dir='ltr' id='par_1_7' title="bbox 93 1843 1381 2444">
     <span class='ocr_line' id='line_1_23' title="bbox 289 1843 1381 1917; baseline 0.005 -21"><span class='ocrx_word' id='word_1_109' title='bbox 289 1850 401 1897; x_wconf 87' lang='lat' dir='ltr'>Fuit</span> <span class='ocrx_word' id='word_1_110' title='bbox 414 1843 418 1847; x_wconf 53' lang='lat'><em>⁷</em></span> <span class='ocrx_word' id='word_1_111' title='bbox 431 1852 547 1898; x_wconf 90' lang='lat' dir='ltr'>olim</span> <span class='ocrx_word' id='word_1_112' title='bbox 560 1885 575 1909; x_wconf 83' lang='lat'>,</span> <span class='ocrx_word' id='word_1_113' title='bbox 595 1852 726 1913; x_wconf 85' lang='lat' dir='ltr'>quasi</span> <span class='ocrx_word' id='word_1_114' title='bbox 747 1869 836 1917; x_wconf 90' lang='lat' dir='ltr'>ego</span> <span class='ocrx_word' id='word_1_115' title='bbox 852 1869 957 1899; x_wconf 86' lang='lat' dir='ltr'>sum</span> <span class='ocrx_word' id='word_1_116' title='bbox 971 1888 984 1911; x_wconf 92' lang='lat'>,</span> <span class='ocrx_word' id='word_1_117' title='bbox 1003 1869 1171 1901; x_wconf 85' lang='lat' dir='ltr'>senex:</span> <span class='ocrx_word' id='word_1_118' title='bbox 1194 1856 1235 1901; x_wconf 87' lang='lat' dir='ltr'>ei</span> <span class='ocrx_word' id='word_1_119' title='bbox 1253 1848 1381 1902; x_wconf 84' lang='lat' dir='ltr'>filiae</span> 
     </span>
     <span class='ocr_line' id='line_1_24' title="bbox 93 1920 1379 1984; baseline 0.003 -15"><span class='ocrx_word' id='word_1_120' title='bbox 93 1920 232 1969; x_wconf 88' lang='lat' dir='ltr'>Duae</span> <span class='ocrx_word' id='word_1_121' title='bbox 270 1933 401 1968; x_wconf 84' lang='lat' dir='ltr'>erant</span> <span class='ocrx_word' id='word_1_122' title='bbox 416 1956 431 1980; x_wconf 85' lang='lat'>,</span> <span class='ocrx_word' id='word_1_123' title='bbox 466 1924 599 1984; x_wconf 87' lang='lat' dir='ltr'>quasi</span> <span class='ocrx_word' id='word_1_124' title='bbox 628 1941 759 1971; x_wconf 91' lang='lat' dir='ltr'>nunc</span> <span class='ocrx_word' id='word_1_125' title='bbox 792 1942 925 1972; x_wconf 89' lang='lat' dir='ltr'>meae</span> <span class='ocrx_word' id='word_1_126' title='bbox 952 1939 1089 1973; x_wconf 90' lang='lat' dir='ltr'>sunt:</span> <span class='ocrx_word' id='word_1_127' title='bbox 1132 1943 1213 1974; x_wconf 88' lang='lat' dir='ltr'>eae</span> <span class='ocrx_word' id='word_1_128' title='bbox 1247 1937 1379 1973; x_wconf 85' lang='lat' dir='ltr'>erant</span> 
     </span>
     <span class='ocr_line' id='line_1_25' title="bbox 349 1994 1027 2058; baseline 0.007 -18"><span class='ocrx_word' id='word_1_129' title='bbox 349 1994 539 2042; x_wconf 89' lang='lat' dir='ltr'>duobus</span> <span class='ocrx_word' id='word_1_130' title='bbox 564 2008 746 2058; x_wconf 85' lang='lat' dir='ltr'>nuptae</span> <span class='ocrx_word' id='word_1_131' title='bbox 776 1997 995 2045; x_wconf 85' lang='lat' dir='ltr'>fratribus</span> <span class='ocrx_word' id='word_1_132' title='bbox 1010 2034 1027 2057; x_wconf 92' lang='lat'>‚</span> 
     </span>
     <span class='ocr_line' id='line_1_26' title="bbox 96 2065 874 2135; baseline 0.005 -24"><span class='ocrx_word' id='word_1_133' title='bbox 96 2065 245 2135; x_wconf 72' lang='lat' dir='ltr'>Quasi</span> <span class='ocrx_word' id='word_1_134' title='bbox 270 2082 399 2113; x_wconf 90' lang='lat' dir='ltr'>nunc</span> <span class='ocrx_word' id='word_1_135' title='bbox 429 2084 563 2114; x_wconf 89' lang='lat' dir='ltr'>meae</span> <span class='ocrx_word' id='word_1_136' title='bbox 587 2080 698 2115; x_wconf 90' lang='lat' dir='ltr'>sunt</span> <span class='ocrx_word' id='word_1_137' title='bbox 725 2071 874 2117; x_wconf 89' lang='lat' dir='ltr'>vobis.</span> 
     </span>
     <span class='ocr_line' id='line_1_27' title="bbox 355 2161 1122 2200; baseline 0.004 -5"><span class='ocrx_word' id='word_1_138' title='bbox 355 2161 1122 2200; x_wconf 77' lang='lat' dir='ltr'>PAMPHILIPPUS.</span> 
     </span>
     <span class='ocr_line' id='line_1_28' title="bbox 525 2223 1378 2293; baseline 0.008 -24"><span class='ocrx_word' id='word_1_139' title='bbox 525 2223 675 2270; x_wconf 87' lang='lat' dir='ltr'>Miror</span> <span class='ocrx_word' id='word_1_140' title='bbox 690 2260 704 2282; x_wconf 91' lang='lat'>‚</span> <span class='ocrx_word' id='word_1_141' title='bbox 724 2241 823 2286; x_wconf 91' lang='lat' dir='ltr'>quo</span> <span class='ocrx_word' id='word_1_142' title='bbox 852 2242 1047 2273; x_wconf 85' lang='lat' dir='ltr'>evasuru</span> <span class='ocrx_word' id='word_1_143' title='bbox 1062 2229 1117 2273; x_wconf 88' lang='lat' dir='ltr'>’st</span> <span class='ocrx_word' id='word_1_144' title='bbox 1136 2230 1378 2293; x_wconf 84' lang='lat' dir='ltr'>apologus.</span> 
     </span>
     <span class='ocr_line' id='line_1_29' title="bbox 510 2315 959 2353; baseline 0.009 -4"><span class='ocrx_word' id='word_1_145' title='bbox 510 2315 547 2349; x_wconf 81' lang='lat' dir='ltr'><strong>A</strong></span> <span class='ocrx_word' id='word_1_146' title='bbox 581 2317 617 2350; x_wconf 90' lang='lat' dir='ltr'>N</span> <span class='ocrx_word' id='word_1_147' title='bbox 653 2317 684 2350; x_wconf 86' lang='grc' dir='ltr'><strong>Τ</strong></span> <span class='ocrx_word' id='word_1_148' title='bbox 718 2318 740 2350; x_wconf 93' lang='lat'>1</span> <span class='ocrx_word' id='word_1_149' title='bbox 776 2319 807 2352; x_wconf 85' lang='lat' dir='ltr'>P</span> <span class='ocrx_word' id='word_1_150' title='bbox 843 2320 877 2352; x_wconf 82' lang='grc' dir='ltr'><strong>Η</strong></span> <span class='ocrx_word' id='word_1_151' title='bbox 913 2320 959 2353; x_wconf 91' lang='grc' dir='ltr'>ο.</span> 
     </span>
     <span class='ocr_line' id='line_1_30' title="bbox 103 2371 1332 2444; baseline 0.013 -25"><span class='ocrx_word' id='word_1_152' title='bbox 103 2371 213 2420; x_wconf 79' lang='lat' dir='ltr'>Erat</span> <span class='ocrx_word' id='word_1_153' title='bbox 238 2376 411 2422; x_wconf 83' lang='lat' dir='ltr'>minori</span> <span class='ocrx_word' id='word_1_154' title='bbox 431 2376 499 2422; x_wconf 86' lang='lat' dir='ltr'>illi</span> <span class='ocrx_word' id='word_1_155' title='bbox 519 2377 817 2444; x_wconf 27' lang='lat' dir='ltr'>adulescenti,</span> <span class='ocrx_word' id='word_1_156' title='bbox 834 2380 1023 2429; x_wconf 85' lang='lat' dir='ltr'>fidicina</span> <span class='ocrx_word' id='word_1_157' title='bbox 1051 2393 1099 2430; x_wconf 90' lang='lat' dir='ltr'>et</span> <span class='ocrx_word' id='word_1_158' title='bbox 1115 2383 1332 2435; x_wconf 81' lang='lat' dir='ltr'>tibicina3</span> 
     </span>
    </p>
   </div>
  </div>
 </body>
</html>
