1630 2866
227 180 321 226 374
624 156 1102 206 STICHUS.
1416 163 1511 216 v.7

229 271 484 331 Propterea
503 300 516 323 ,
554 265 809 311 Dinacium
827 298 842 322 ,
880 264 1024 328 pedes
1066 266 1264 313 hortare.
1314 266 1513 314 honesta

484 339 608 385 dicta
637 338 793 384 factis:

226 415 366 461 Nunc
392 413 480 459 tibi
505 424 709 474 potestas
741 412 1030 474 adipiscendi
1063 420 1130 459 est
1162 411 1388 476 gloriam,
1413 414 1514 460 lau-

482 485 596 530 dem
614 520 627 541 ,
661 484 827 530 decus:

229 560 483 619 Heraeque
528 557 685 622 egenti
720 558 950 604 subveni:
994 557 1241 604 benefacta
1279 558 1514 624 majorum

482 643 682 682 tuorum
712 649 901 696 exauge.

230 706 369 776 Quae
401 701 577 751 misera'
592 706 942 766 exspectatione
973 715 1040 752 est
1057 704 1313 770 Epignomi
1338 705 1519 752 adven-

487 793 560 827 tus
594 796 695 826 vm.

227 855 436 902 Proinde
470 866 526 901 ut
571 855 739 912 decet,
783 865 906 900 amat
944 854 1103 900 virum
1149 871 1289 903 suum
1331 853 1518 916 cupide.

483 946 614 976 nunc
643 930 853 991 expedi,
878 929 1150 977 Dinaciurn.

228 1000 361 1066 Age,
395 1012 450 1047 ut
486 1003 670 1062 placet3
709 1018 874 1057 curre,
912 1013 968 1046 ut
1002 1001 1166 1051 lubet;
1202 1017 1315 1047 cave
1353 1017 1522 1061 quem-

488 1091 632 1134 quam
654 1073 979 1128 floccifeceris,

234 1145 416 1192 Cubitis
450 1146 647 1206 depulsa
688 1145 748 1190 de
785 1146 894 1195 vja;
939 1145 1241 1205 tranquillam
1289 1145 1521 1191 concinna

486 1218 624 1264 viam.

233 1291 282 1337 Si
312 1308 395 1339 rex
421 1291 626 1337 obstabit
653 1291 869 1348 obviam,
905 1307 1065 1354 regem
1084 1290 1243 1352 ipsum
1264 1291 1393 1353 prius
1413 1307 1520 1352 per-

485 1376 675 1411 vortrto.

591 1458 624 1490 G
662 1458 694 1490 Ε
729 1458 758 1490 L
795 1457 830 1490 A
867 1458 889 1491 s
927 1459 947 1490 1
984 1459 1026 1492 M
1061 1457 1096 1490 U
1132 1456 1170 1490 s.

236 1518 488 1588 Quidnam
519 1518 698 1575 dicam,
731 1519 988 1567 Dinacium

233 1590 638 1638 Lascivibundum
667 1602 766 1637 tam
795 1592 1016 1638 lubenter
1044 1591 1269 1638 currere?
1360 1646 1364 1649 γ

237 1664 540 1712 Arundinem
578 1664 705 1721 fert,
749 1665 1144 1725 sportulamque,
1189 1674 1236 1711 et
1272 1662 1522 1711 hamulum

495 1737 764 1799 piscarium.

625 1831 662 1864 D
698 1830 718 1861 1
754 1829 789 1863 N
826 1828 860 1861 A
897 1830 922 1861 C
959 1829 980 1862 I
1018 1829 1053 1862 U
1090 1829 1143 1862 Μ.

237 1884 328 1937 Sed
359 1891 555 1937 tandem
574 1924 587 1946 ,
621 1889 820 1950 opinor,
855 1890 1105 1950 aequiu’st
1137 1889 1301 1935 heram
1325 1887 1518 1934 miesse

491 1962 783 2023 supplicem,

237 2034 401 2096 Atque
431 2047 633 2085 oratores
655 2035 843 2080 mittere
871 2034 932 2080 ad
962 2052 1074 2092 me,
1107 2034 1333 2096 donaque
1356 2048 1416 2079 ex
1437 2048 1521 2078 au·

489 2124 573 2164 ro,
612 2118 659 2152 et
689 2108 964 2171 quadrigas,

239 2180 341 2250 Qui
359 2179 522 2226 vehar:
551 2184 664 2225 nam
685 2181 917 2241 pedibus
906 2197 971 2227 1re
992 2197 1094 2226 non
1120 2195 1263 2240 queo.
1286 2193 1396 2242 ergo
1412 2176 1516 2240 jam

497 2265 717 2299 revortar.

240 2326 317 2372 Ad
347 2345 425 2374 me
446 2328 502 2374 iri
535 2339 582 2373 et
604 2329 854 2390 supplicari
879 2338 1069 2391 egomet
1101 2325 1221 2371 mihi
1254 2339 1421 2369 censeo
1446 2339 1523 2368 ae-

493 2416 658 2460 quom.
