1630 2866
226 174 285 228 78
549 170 1123 221 POENULUS.
1385 192 1508 238 v.15

218 282 311 328 At,
351 295 503 327 assena
536 277 662 323 china
696 277 822 326 soth,
860 279 900 324 el
916 280 1052 345 jaeli,
1087 297 1183 328 cosa
1211 282 1351 330 lemun
1390 285 1509 338 diber,

480 355 605 400 termi
620 388 635 401 ,
671 354 766 397 cai.-
798 370 903 417 upsu
935 357 1073 419 aspoti
1089 373 1103 400 .·

221 429 318 475 Eod
348 444 473 475 eanec
504 429 630 474 lictor
659 428 704 472 bo
738 427 835 483 desi¹
858 445 999 475 assam
1033 428 1196 475 limnim
1224 431 1345 477 coles.

219 505 347 551 Deos
370 503 587 562 Deasque
604 517 831 557 veneror,
864 501 948 561 qui
971 501 1092 547 hanc
1120 503 1288 550 urbem
1309 506 1498 565 colunt,

218 576 309 633 Ut,
341 574 478 635 quod
503 573 564 619 de
587 589 694 618 mea
721 590 771 619 re
804 573 897 618 huc
929 574 1039 620 veni
1057 609 1071 632 ‚
1094 575 1182 622 rite
1205 578 1434 626 venerim.

217 649 443 708 Measque
475 658 529 692 ut
557 656 742 709 gnata8‚
779 656 827 690 et
858 647 954 690 mei
988 646 1133 693 fratris
1169 648 1323 696 filium

216 719 437 782 Reperire
472 735 551 764 me
580 718 738 764 siritis:
777 716 858 763 Dii
895 729 1100 765 vostram
1130 720 1304 767 fidem!

218 793 359 862 Quae
398 793 516 837 mihi
552 791 801 852 subreptae
838 802 975 848 sunt,
1017 803 1065 838 et
1095 791 1240 839 fratris
1267 795 1436 842 filium.

216 865 313 911 Sed
343 866 419 910 hic
452 864 582 909 mihi·
601 863 795 909 antehac
828 863 995 925 hospes
1024 864 1297 912 Antidamas
1331 866 1434 914 fuit.

211 942 340 988 Eum
374 939 528 984 fecisse
567 939 700 1002 ajunt
720 973 734 994 ‚
768 938 854 984 sibi
886 938 1025 998 quod
1057 937 1334 986 faciundum
1365 939 1469 1002 fuit.

213 1014 324 1077 Ejus
349 1012 501 1056 filium
536 1011 609 1054 hic
638 1010 913 1070 praedicant
944 1026 1037 1055 esse
1061 1010 1443 1074 Agorastoclem:

214 1086 377 1132 Deum
403 1082 684 1143 hospitalem
713 1097 764 1127 ac
797 1093 1010 1127 tesseram
1039 1098 1234 1132 mecum
1267 1083 1395 1130 fero:

212 1160 271 1205 In
301 1159 423 1202 hisce
460 1156 668 1201 habitare
693 1166 955 1202 monstratu
974 1156 1027 1201 ’st
1057 1157 1336 1220 regionibus.

212 1233 317 1280 Hos
345 1230 688 1294 percontabor,
720 1231 805 1292 qui
837 1232 933 1278 huc
962 1231 1275 1296 egredIuntur'
1296 1231 1428 1282 foras.

576 1405 1124 1453 SCENAII.

258 1553 954 1594 AGORASTOGLES,
1022 1554 1441 1608 MILrlilog·

689 1652 1000 1690 HANNO.

470 1790 1260 1826 AGORASTOCLES.

205 1849 392 1959 ArN’
416 1922 471 1956 tu
497 1910 586 1956 tibi
618 1911 726 1956 dixe
756 1909 1083 1972 Syncerastum
1101 1943 1116 1965 ,
1149 1909 1381 1972 Milphio,

205 1985 303 2030 Has
330 2000 423 2029 esse
454 1984 677 2048 ingenuas
707 1983 864 2029 ambas
886 1981 1180 2045 subreptitias

200 2057 620 2121 Carthaginiensis?

615 2144 659 2177 M
694 2142 716 2175 1
751 2142 782 2174 L
817 2142 844 2174 Ρ
882 2141 915 2174 Η
950 2141 971 2173 1
1008 2141 1056 2174 o.

662 2202 775 2267 Ajo:
814 2214 889 2259 et,
922 2202 957 2247 si
986 2200 1109 2265 frugi
1141 2215 1234 2247 esse
1265 2198 1362 2254 vis,
1404 2262 1409 2266 ι

202 2279 288 2324 Eas
314 2260 491 2324 liberali
514 2277 615 2342 jam
642 2292 805 2322 asseres
834 2291 987 2320 caussa
1013 2290 1175 2320 manu.

200 2349 326 2395 Nam
351 2362 491 2395 tuum
521 2348 778 2412 flagitIum'
782 2359 823 2393 st
851 2358 951 2393 tuas
980 2344 1214 2408 popularis
1240 2353 1290 2388 te
1308 2339 1407 2402 pati

202 2421 380 2468 Servire
408 2433 516 2469 ante
551 2423 739 2479 oculos,
773 2421 906 2467 domi
938 2435 1059 2480 quae
1087 2416 1263 2464 fuerint
1284 2414 1467 2462 liberae.
