1598 2814
147 150 239 208 604
409 150 477 197 Μ.
544 148 749 196 Accl
814 149 1130 198 PLAUTI
1260 167 1304 198 v.
1337 152 1423 212 189

407 255 636 302 Scelerate
668 272 850 301 manus.

147 339 253 398 Ipsa
287 337 376 382 sibi
406 337 500 382 avis
527 349 735 383 mortem
765 349 902 384 creat.

98 394 123 444 7
147 419 238 464 Pro
274 419 448 464 larvato
480 428 528 462 te
558 417 901 464 circumferam.

148 499 357 560 Paupera
382 499 497 545 haec
527 509 595 544 est
625 499 813 544 mulier.

379 601 382 609 =
409 576 457 623 Si
492 595 614 638 quae
650 578 770 624 forte
800 580 968 625 concio
998 590 1095 635 est,

149 652 242 697 Ubi
275 669 387 698 eum
414 652 588 698 hietare
615 653 837 698 nondum
867 653 917 698 in
946 663 1161 713 mentem
1187 652 1335 697 venit.

151 725 276 769 Cilix
292 759 306 781 ‚
336 724 528 787 Lycisce
546 760 560 782 ,
589 724 716 771 Sosia
733 760 747 783 ‚
781 725 938 771 Stiche
957 762 970 781 ‚
1002 727 1260 782 Parmeno,

153 797 321 853 Exite,
351 809 399 843 et
427 797 548 844 ferte
577 797 706 851 fustis
738 799 896 859 privos
932 799 982 844 in
1016 815 1174 844 manu.

152 877 284 924 Anus
310 880 424 926 haec
454 881 503 926 in
536 881 670 942 pellis
693 881 959 941 periculum
986 879 1302 942 protenditur.

416 964 583 1010 Cedite
608 964 742 1010 mihi.

153 1041 349 1088 Mecum
377 1043 524 1089 habet
553 1054 747 1108 patagus
764 1077 778 1099 ‚
810 1042 1007 1088 morbus
1027 1076 1040 1098 ‚
1069 1058 1155 1087 aes.

157 1124 298 1193 Quid
328 1135 394 1170 est
422 1125 552 1170 hoc?
578 1135 711 1187 rugat
739 1124 950 1186 pallium.
981 1123 1178 1169 amictus
1207 1136 1311 1167 non
1331 1135 1435 1165 sum

415 1196 686 1241 commode.

220 1298 383 1319 ι...--
415 1276 505 1322 Exi
532 1286 588 1321 tu
620 1276 779 1332 Dave,

156 1349 258 1413 Age
272 1384 285 1406 ‚
317 1366 489 1412 sparge.
512 1348 755 1400 mundum
777 1365 870 1394 esse
888 1348 978 1393 hoc
997 1343 1288 1393 vestibulum
1305 1347 1435 1392 vo1o.

158 1422 320 1470 Venus
337 1434 538 1469 ventura
558 1432 625 1469 est
644 1432 815 1469 nostra.
838 1437 940 1466 non
970 1421 1060 1466 hoc
1092 1421 1326 1482 pulveret.

159 1504 401 1567 Regiescit.
728 1527 747 1549 ο

160 1584 375 1631 Pullaria.

162 1667 417 1728 Vesperna.

162 1750 336 1812 Neque
364 1768 451 1816 ego
479 1751 539 1797 ad
566 1767 777 1796 mensam
803 1750 1017 1812 publicas
1043 1766 1113 1796 res
1141 1750 1320 1806 clamo,
1355 1752 1444 1794 ne4

423 1840 521 1885 que
554 1824 677 1887 leges
704 1838 859 1884 crepo.

237 1952 491 2000 LOCI
555 1951 677 1997 EX
743 1943 1360 1995 COMOEDIIS

198 2063 304 2109 quae
334 2056 536 2092 exstant,
562 2045 687 2088 citati
703 2061 716 2086 .·
750 2044 824 2105 qui
854 2054 993 2087 tamen
1025 2043 1068 2086 in
1091 2041 1248 2086 nostris
1280 2037 1428 2083 hodie'

439 2115 660 2162 Codicibus
685 2133 892 2178 nusquam
926 2124 1179 2177 comparent.

484 2242 1145 2291 AMPHITRUO.

174 2309 476 2422 OPTUMO
498 2375 605 2439 jure
622 2373 900 2437 infringatur
914 2373 1018 2418 aula
1033 2370 1197 2417 cineris
1211 2368 1259 2413 in
1278 2373 1433 2426 caput.
