1598 2814
258 155 348 200 πρ
483 140 1284 197 TRUCULENTus
1438 123 1546 199 ἦ»

581 301 982 353 SCENA
1063 307 1225 355 VII.

353 434 641 474 GETA.
711 435 1446 481 PHRONESIUM.

472 522 1328 562 STRATOPHANES.

779 652 1039 689 GETA.

258 705 384 818 ITE
402 805 416 829 ,
452 771 517 817 ite
543 771 628 818 hac
662 772 830 830 simul,
868 774 987 819 muli
1015 773 1157 832 aeriS‚
1195 773 1539 839 damnigeruli,
1578 828 1582 832 .

514 844 632 891 foras
652 862 844 909 gerones
858 881 870 901 ‚

261 916 509 964 Bonorum
535 917 892 981 hamaxagogae.
915 919 1062 964 satine
1087 919 1174 982 qui
1202 931 1353 978 amat,
1371 920 1544 982 nequit

522 990 642 1051 quin
675 989 810 1035 nihili

261 1062 362 1122 Sit,
390 1075 535 1125 atque
567 1064 780 1125 inprobis
816 1080 910 1109 sese
946 1064 1122 1110 artibus
1158 1063 1398 1124 exspoliat.
1433 1071 1545 1108 nam

453 1187 460 1203 Α
520 1138 613 1182 hoc
644 1137 729 1196 qui
755 1137 921 1191 sciam,
953 1153 1014 1182 ne
1038 1137 1144 1197 quis

262 1208 323 1254 Id
345 1221 537 1269 quaerat
555 1226 615 1254 ex
632 1226 720 1254 me.
748 1209 879 1253 domi
903 1222 970 1254 est
983 1243 997 1266 ,
1028 1210 1112 1270 qui
1133 1208 1242 1254 facit
1263 1208 1463 1270 inproba
1480 1207 1547 1253 fa-

521 1292 594 1326 cta
611 1315 624 1337 ‚
659 1292 841 1325 amator
855 1299 867 1331 3

266 1356 368 1425 Qui
386 1356 511 1402 bona
530 1372 610 1400 sua
630 1371 717 1416 pro
738 1366 937 1400 stercore
955 1354 1127 1411 habet,
1153 1352 1273 1400 foras
1293 1354 1434 1418 jubet
1456 1353 1547 1400 fer-

518 1446 578 1474 n:
611 1441 786 1474 metult

266 1503 500 1550 Publicos.
538 1502 873 1548 mundissumu
905 1501 970 1547 ’st-
1014 1508 1152 1563 pu‘ras
1192 1500 1279 1547 sibi
1314 1517 1407 1548 esse
1448 1503 1550 1548 volt

519 1577 659 1622 aedis.

266 1656 418 1704 Domi
435 1655 678 1717 quidquid
706 1647 878 1712 habet,
903 1646 1102 1702 verritur
1122 1645 1217 1712 ἔξω.
1241 1655 1550 1718 quandoqui-

525 1729 638 1774 dem
667 1729 792 1790 ipsus
819 1727 1061 1788 perditum
1087 1746 1134 1775 se
1157 1732 1222 1788 it,

268 1801 460 1849 Secreto
490 1801 646 1847 hercle
675 1801 901 1862 equidem
932 1801 1069 1846 illum
1095 1802 1348 1867 adjutabo:
1387 1816 1548 1862 neque

522 1889 628 1918 mea
664 1863 863 1933 quidem
1314 1929 1317 1933 y

271 1947 432 2008 Opera
478 1961 711 2005 umquam
756 1944 1068 1992 nihilominus
1114 1963 1322 2009 propere
1341 1979 1356 2003 ‚
1405 1959 1549 2005 quam

523 2030 707 2080 potest,
736 2018 921 2079 peribit.

271 2094 394 2139 Nam
410 2094 510 2157 jam
533 2092 593 2138 de
613 2092 703 2137 hoc
730 2092 929 2138 obsonio
944 2128 956 2148 ,
987 2093 1048 2139 de
1073 2093 1200 2138 mina
1224 2109 1319 2139 una
1338 2088 1552 2137 deminui

271 2169 423 2215 Modo
455 2167 675 2228 quinque
710 2181 966 2211 nummos:
1007 2167 1126 2212 mihi
1157 2166 1335 2213 detraxi
1365 2173 1547 2224 partem

525 2239 884 2285 Herculaneam.

274 2313 398 2361 Nam
418 2315 511 2361 hoc
538 2312 734 2358 assimile
758 2324 851 2369 est,
877 2314 1009 2374 quasi
1028 2310 1088 2357 de
1107 2309 1255 2356 fluvio
1279 2306 1362 2368 qui
1378 2323 1553 2367 aquam

526 2386 705 2432 derivat
739 2386 853 2431 sibi:
