1630 2866
100 151 224 197 ιη,
418 133 713 184 ACTUS
764 135 801 181 1.
852 134 955 182 sc
1004 135 1080 181 11.
1284 135 1377 195 351

65 302 70 305 ,
101 247 274 308 Neque
292 260 380 310 ego
402 261 508 291 sum
532 244 729 296 factum
751 261 911 306 neque
934 257 989 291 tu
1008 257 1064 291 ut
1087 243 1245 302 facia3‚
1266 261 1381 291 con-

349 317 507 364 silium
541 319 688 364 dabo:

99 391 281 440 Verum
311 402 367 437 ut
403 408 665 438 exoremus.
704 393 819 440 novi
836 403 937 457 'ego
972 402 1175 438 nostros:
1213 408 1377 438 exora-

346 465 433 512 bili
449 466 516 511 ’st.

523 559 558 592 A
593 559 628 592 n
663 559 695 592 Τ
730 559 751 592 1
785 558 815 592 P
851 559 886 592 Η
924 558 975 592 o.

98 627 173 674 Sic
205 627 392 672 faciam:
426 626 704 672 assimulabo
723 661 737 682 ‚
775 626 906 687 quasi
945 613 1154 689 aliquam
1183 627 1377 689 culpam

356 699 407 743 in
437 715 531 743 sese
553 698 836 744 admiserint.

64 761 67 763 ‚
94 771 477 833 Perplexabiliter
512 788 674 817 earum
703 771 848 818 hodie
881 771 1251 833 perpavefaciam
1287 788 1374 833 pe-

352 858 509 891 ctora:

92 920 205 969 Post
233 919 286 966 id
318 937 451 985 agam
483 919 647 983 igitur:
692 919 895 976 deinde,
932 908 989 964 fit
1023 918 1206 964 animus
1239 934 1375 964 meus

348 993 436 1039 erit
450 1027 465 1049 ‚
492 992 656 1038 faciam
684 993 856 1054 palam.

94 1064 267 1124 Multa,
284 1066 407 1123 scio,
430 1065 640 1111 facienda
660 1066 817 1113 verba.
844 1066 926 1113 ibo
943 1066 1084 1113 intro.
1113 1067 1194 1112 sed
1218 1080 1374 1128 aperta

351 1150 418 1186 est
446 1139 567 1188 foris.

482 1232 511 1265 P
548 1233 570 1266 1
607 1234 643 1267 Ν
676 1233 712 1265 A
746 1232 774 1264 c
809 1233 831 1265 1
866 1233 901 1266 U
937 1234 995 1267 M.

88 1298 230 1346 Certo
273 1301 403 1346 enim
444 1301 564 1349 mihi
599 1313 821 1362 paternae
859 1303 985 1348 vocis
1022 1302 1201 1348 sonitus
1249 1303 1368 1348 auris

341 1372 522 1418 accidit.

447 1465 1021 1502 PANEGYRIS.

85 1523 130 1581 1⁸
156 1541 225 1577 est
249 1543 437 1581 ecastor.
474 1533 594 1579 ferre
622 1534 874 1581 advorsum
891 1537 1139 1584 hominem
1165 1553 1369 1600 occupe-

348 1621 454 1651 mus
483 1607 712 1653 osculum.

96 1729 100 1732 a
247 1738 251 1741 ,
475 1702 504 1735 P
546 1703 568 1736 1
603 1704 638 1737 N
674 1703 710 1736 A
749 1703 776 1736 c
814 1704 835 1736 1
871 1703 907 1736 U
942 1704 1012 1738 ΜΓ

86 1759 248 1818 Salve,
268 1761 336 1807 mi
363 1773 506 1824 pater.
563 1823 568 1825 Λ

509 1846 545 1880 A
578 1846 613 1879 N
648 1846 681 1879 T
714 1846 737 1879 1
771 1847 800 1879 P
839 1847 874 1880 H
912 1847 960 1880 Ο.

347 1914 409 1960 Et
438 1931 533 1960 VOS.
564 1914 731 1960 ambae
757 1914 911 1972 illico,
939 1915 1087 1980 agite,
1117 1917 1365 1966 abscedite.

470 2008 981 2062 PIQACIUM.

87 2059 336 2107 Osculum.
748 2120 751 2122 -

503 2137 955 2173 ANTIPRO.

303 2204 382 2252 Sat
410 2216 477 2252 est
505 2205 654 2252 osculi
681 2206 801 2252 mihi
824 2209 981 2254 vostri.

465 2301 495 2334 P
530 2302 553 2335 1
587 2302 621 2335 N
655 2302 691 2336 A
729 2304 757 2336 c
793 2304 817 2336 1
854 2303 887 2335 u
923 2303 981 2336 M.

807 2370 940 2440 Qui,
966 2372 1165 2430 amabo,
1198 2374 1369 2435 pater?-
