1630 2866
192 187 255 246 28
538 164 1109 246 P‘oENULUs.
1309 206 1476 256 «ηιμ

446 303 1227 350 AGoRASTo'cLES.

389 372 486 418 Cur
508 375 627 421 mihi
646 377 760 421 haec
783 376 900 421 irata
918 375 1004 422 ’sti'

611 467 656 499 M
691 468 711 500 1
747 468 778 500 L
814 467 842 500 P
880 467 914 500 Η
950 468 970 499 1
1007 468 1055 501 o.
1216 505 1219 508 ,

870 527 965 572 Cur
994 527 1107 574 haec
1134 528 1249 574 irata
1268 529 1322 575 ’st
1348 529 1471 575 tibi?

189 597 290 646 Cur
316 616 403 664 ego
433 601 484 647 id
511 603 713 648 curem?
745 618 956 663 namque
984 601 1122 648 istaec
1151 603 1295 666 magis
1319 614 1401 650 tua
1417 604 1474 649 ’st

449 686 645 720 curatlo.

442 760 1239 796 A·GORASTOCL·ES.

180 815 288 875 Jam
326 818 481 865 hercle
512 832 567 866 tu
599 822 761 884 peristi
780 857 795 881 ,
825 823 913 868 nisi
944 824 1074 870 illam
1107 835 1206 871 tam
1238 822 1475 886 tranquil-

441 892 537 937 lam
570 892 706 952 facis,

185 960 351 1029 Quam
390 981 520 1009 mare
549 976 616 1010 est
652 966 770 1011 olim
788 1000 802 1023 ,
844 983 996 1027 quom
1021 969 1089 1015 ibi
1115 969 1282 1015 alcedo
1311 969 1468 1031 pullos

446 1035 606 1081 educit
630 1052 750 1082 suos.

595 1128 639 1160 M
671 1129 694 1161 1
730 1128 761 1162 L
799 1130 828 1163 P
866 1130 901 1163 H
936 1129 958 1162 1
996 1129 1044 1163 Ο.

184 1179 321 1248 Quid
354 1179 554 1227 faciam?

435 1267 1222 1303 AGORASTOCLES.

458 1328 612 1374 Exora
632 1362 645 1385 ,
682 1328 897 1375 blandire
917 1363 931 1386 ,
961 1329 1175 1391 expalpa.

603 1421 647 1454 M
683 1422 703 1454 1
740 1419 771 1450 L
807 1419 835 1451 P
873 1418 907 1451 Η
944 1419 965 1451 1
1003 1420 1049 1452 o.

1074 1472 1259 1517 Faciam
1286 1470 1467 1517 sedulo.

178 1538 275 1588 Sed
299 1542 412 1588 vide
434 1543 488 1588 sis
502 1577 515 1600 ,
534 1559 594 1589 ne
613 1553 669 1589 tu
697 1555 933 1592 oratorem
959 1546 1090 1591 hunc
1110 1544 1281 1608 pugnis
1308 1545 1466 1606 pect'as

431 1627 608 1678 postea.

433 1706 1214 1743 AGORASTOCLES.

168 1764 291 1812 ‘Non
318 1766 497 1813 faciam.
769 1803 773 1807 .

474 1852 1202 1887 ADELPHASIUM.

310 1913 409 1958 Nos
435 1930 592 1959 eamus
619 1928 760 1957 nunc.
791 1912 933 1959 etiam
958 1915 1175 1960 morare?
1197 1914 1321 1959 male
1340 1913 1462 1961 facis.

176 1984 306 2032 Bene
339 1987 575 2047 promittis
613 1987 780 2031 multa.
826 2002 887 2031 ex
922 1987 1084 2032 multis
1118 1987 1279 2033 omnia
1314 1987 1464 2033 incas-

440 2075 546 2103 sum
573 2058 764 2103 cadunt.
1275 2052 1277 2058 '

175 2132 393 2178 Libetare
412 2121 625 2196 juravisti
655 2148 734 2178 me
766 2132 895 2179 haud
919 2135 1092 2191 semel,
1125 2133 1209 2179 sed
1237 2133 1426 2179 centieS.

177 2205 311 2252 Dum
354 2218 401 2253 te
438 2216 659 2268 exspecto
679 2239 693 2263 ,
738 2221 897 2267 neque
931 2224 1132 2268 usquam
1167 2206 1305 2252 aliam
1343 2202 1463 2261 mih!

435 2280 593 2341 paravi
626 2279 839 2341 copiam:

174 2349 346 2412 Neque
382 2353 501 2398 istuc
533 2369 734 2414 usquam
771 2363 990 2415 apparet:
1033 2353 1097 2397 ita
1122 2364 1263 2399 -nunc,
1302 2347 1457 2394 servio

428 2426 579 2473 nihilo
615 2427 784 2472 minus.
