1630 2866
86 135 241 174 ναις
382 124 671 174 ACTUS
721 125 819 171 1V.
869 123 971 172 SC.
1025 125 1126 172 IV.
1271 128 1363 184 325

438 243 468 276 P
506 243 540 275 A
576 242 607 275 1,
642 241 677 274 A
711 241 742 274 E
781 241 804 275 S
843 241 875 275 T
909 243 944 276 R
978 241 1030 275 A.

85 301 311 349 Ensiculu
327 301 384 350 ’st
409 303 625 349 aureolus
651 301 863 363 primum
879 302 1100 348 literatus-

476 397 513 428 D
549 395 583 428 A
621 395 652 428 Ε
689 396 733 429 Μ
770 396 803 429 0
841 397 874 429 Ν
909 397 941 430 Ε
976 395 1013 428 s.

1073 447 1193 494 Dice
1219 447 1365 494 d'um:

86 520 147 567 In
172 537 230 567 eo
262 522 469 567 ensiculo
499 522 740 568 literarum
767 520 888 582 quid
918 520 1018 567 est?

437 614 468 646 P
503 614 539 647 A
574 615 604 647 L
642 615 677 648 A
710 614 742 647 E
778 613 802 649 S
842 615 875 649 Τ
909 614 943 647 R
978 614 1028 647 A.

881 673 979 718 Mei
1005 687 1186 719 nomen
1211 675 1363 734 patris.

87 743 197 787 Post
211 742 475 797 altrinsecus
492 754 560 790 est
577 744 833 790 securicula
852 744 1037 805 ancipes
1049 779 1063 801 ,
1089 745 1206 790 item
1222 761 1359 790 autea

87 816 311 862 Literata:
331 816 398 862 ibi
413 817 570 862 matris
592 832 772 862 nomen
786 816 837 862 in
854 817 1112 863 securicula
1130 818 1197 863 ’st-

470 890 1070 944 DAEMONis.‘

1195 962 1363 1008 Mane:

86 1031 205 1089 Dic,
222 1030 274 1078 in
289 1030 495 1077 ensiculo
514 1030 635 1092 quid
654 1045 836 1077 nomen
857 1042 930 1077 est
942 1042 1198 1092 paternum
1209 1034 1232 1079 Ξ)
1260 1036 1262 1038 ’

442 1123 1026 1158 PALAESTRA.

1080 1177 1361 1225 Daemones.

473 1254 508 1286 D
542 1254 577 1287 A
611 1254 643 1287 Ε
677 1255 721 1287 Μ
759 1254 791 1286 ο
827 1254 862 1287 N
896 1253 926 1286 Ε
966 1252 1003 1286 s.

85 1315 168 1363 Dii
187 1315 480 1361 inmortales!
510 1315 597 1361 ubi
621 1316 714 1360 loci
732 1327 842 1361 sunt
860 1332 961 1376 spes
978 1331 1112 1362 meae
1124 1316 1147 1362 ?

537 1406 904 1440 GRIPUS.

776 1466 935 1511 Immo
959 1467 1158 1528 edepol,
1190 1485 1323 1514 meae
1341 1469 1363 1514 ?
1388 1462 1391 1463 ⁷

474 1549 511 1580 1)
546 1548 581 1580 A
615 1548 646 1580 Ε
684 1549 725 1580 Μ
761 1550 793 1581 o
830 1551 864 1582 N
902 1550 933 1583 E
970 1550 1008 1583 s,

89 1609 259 1672 Perge,
283 1618 330 1653 te
355 1607 547 1653 obsecro
562 1642 576 1664 ,
595 1608 840 1654 continuo.

542 1693 576 1726 G
613 1695 647 1727 R
679 1693 701 1726 1
736 1694 766 1726 P
802 1693 839 1726 U
872 1692 911 1726 s.

491 1753 701 1800 Placide!
726 1764 807 1799 aut
824 1754 890 1799 ite
905 1754 955 1798 in
970 1754 1142 1800 malam
1160 1769 1362 1802 crucem.

475 1846 512 1878 D
547 1845 583 1878 A
614 1845 651 1878 E
685 1846 730 1879 M
765 1846 797 1879 o
833 1847 867 1879 N
901 1845 932 1878 Ε
967 1844 1003 1878 s.

92 1907 313 1967 Loquere
327 1906 482 1952 matris
498 1923 679 1953 nomen
694 1907 770 1951 hic
785 1907 837 1952 in
850 1906 1107 1953 securicula
1122 1907 1243 1968 quid
1259 1907 1357 1953 siet.

443 2001 1028 2036 PALAESTRA.

92 2053 322 2101 Daedalis.

474 2127 1006 2163 DAEMONES.

283 2189 365 2236 Dii
383 2205 461 2234 me
480 2198 713 2233 servatum
729 2188 943 2249 cupiunt.

503 2317 505 2319 ,
543 2280 577 2314 G
610 2280 646 2314 R
679 2281 702 2314 1
735 2280 765 2314 P
803 2279 839 2313 U
875 2280 914 2315 S.

921 2331 987 2378 At
1006 2349 1085 2378 me
1107 2331 1358 2394 perditum.

1030 2405 1138 2468 X3
