1598 2814
195 173 324 245 v&
422 182 1225 231 TRUCULENTUs
1347 185 1479 232 ιώ

194 291 319 337 Nam
335 290 422 352 ipsi
448 290 642 347 vident,
676 307 828 351 quom
852 307 1019 337 eorum
1040 293 1298 358 aggerimus
1317 294 1462 341 bona:

447 366 568 427 quin
588 365 731 412 etiam
753 366 878 411 ultro
898 365 985 428 ipsi
1006 379 1231 431 aggerunt
1247 367 1311 413 ad
1332 384 1433 414 nos.
1460 373 1465 378 ’

549 461 585 493 D
626 461 646 493 1
683 461 715 493 Ν
753 461 787 493 Α
822 462 855 494 R
895 462 923 494 c
962 461 998 494 H
1034 461 1070 493 U
1107 457 1145 494 S.

195 520 276 566 Me
302 519 391 577 illis
422 519 621 594 guidem
652 519 767 566 haec
790 519 1005 566 verberat
1034 519 1213 571 verbis;
1247 536 1359 568 nam
1387 539 1475 587 ego

448 593 559 639 huic
593 592 721 639 dona
747 593 1024 658 accongessi.

554 687 590 720 A
622 687 645 720 S
683 688 714 720 T
750 689 786 720 A
820 687 848 720 P
885 688 920 721 H
957 688 977 719 1
1013 687 1048 719 U
1085 687 1144 721 M.

195 746 515 794 Conmemini.
539 750 639 812 jam
670 751 756 811 pol
785 765 873 813 ego
914 766 1026 794 eum
1060 748 1246 809 ipsum,
1281 748 1317 795 si
1347 746 1480 795 domi

450 822 538 868 erit
557 857 570 879 ,
599 838 792 868 mecum
813 821 1066 869 adducam.
1119 844 1121 847 ·

554 911 589 942 D
627 910 647 942 1
683 910 718 942 N
757 909 791 942 A
827 910 859 942 R
900 910 926 941 c
966 909 1000 941 Η
1039 908 1073 941 U
1111 906 1147 941 s.

193 969 326 1017 Heus
338 1005 352 1029 ‚
372 971 658 1029 manedum‚
675 971 958 1033 Astaphium
970 1005 985 1027 ‚
1009 970 1287 1032 priusquam
1305 968 1415 1016 abis.

548 1058 584 1091 A
619 1058 642 1091 S
679 1058 711 1091 T
751 1059 787 1090 A
822 1059 850 1091 P
891 1059 925 1090 H
960 1059 982 1091 1
1020 1057 1055 1089 U
1092 1056 1150 1089 Μ.

1038 1116 1140 1186 Qui
1161 1115 1383 1164 revocat?

551 1202 1143 1243 DINARCHUS..

918 1268 927 1282 ‘
1327 1253 1478 1301 Scies:

191 1316 385 1380 Respice
412 1317 522 1364 huc.

550 1394 586 1428 A
621 1394 645 1428 s
671 1395 712 1428 ’Τ
748 1394 784 1429 Α
818 1396 847 1430 Ρ
882 1396 918 1430 H
954 1398 976 1430 1
1011 1397 1047 1429 u
1081 1398 1139 1431 Μ.

388 1457 513 1527 Quis
537 1457 639 1503 est?

550 1543 587 1576 D
624 1543 643 1576 1
685 1543 718 1575 N
756 1542 790 1576 A
828 1544 862 1577 R
896 1543 923 1576 C
961 1542 996 1576 H
1033 1541 1069 1576 U
1106 1542 1145 1577 S.

515 1603 666 1651 Vobis
691 1606 776 1666 qui
794 1606 947 1651 multa
963 1605 1089 1651 bona
1111 1620 1206 1651 esse
1227 1607 1344 1653 volt.

550 1699 584 1733 A
621 1697 644 1732 S
680 1699 712 1731 T
747 1699 782 1732 A
817 1699 845 1732 P
881 1698 916 1732 H
952 1699 974 1731 I
1011 1698 1047 1731 U
1083 1699 1140 1732 M.

1051 1759 1206 1818 Dato,
1229 1759 1267 1806 si
1283 1776 1376 1807 esse
1397 1761 1479 1808 vis.

546 1843 584 1877 D
619 1842 642 1876 I
675 1844 710 1877 N
747 1842 781 1875 A
818 1843 851 1876 R
886 1845 912 1876 C
949 1843 983 1876 H
1019 1844 1055 1878 U
1092 1844 1132 1878 S·

192 1903 344 1964 Faxo,
364 1914 516 1950 erunt.
537 1904 713 1964 respice
731 1903 824 1949 huc
845 1904 1011 1951 modo.
1041 1924 1050 1929 “

545 1993 581 2026 Α
620 1992 642 2025 s
674 1991 707 2024 'r
740 1991 776 2024 A
811 1992 839 2025 P
875 1992 910 2024 H
945 1993 965 2024 1
1003 1993 1038 2026 U
1075 1978 1133 2027 Μ’

571 2053 627 2098 Io
649 2052 799 2098 enicas
816 2069 894 2098 me
911 2053 1151 2111 miseram,
1176 2050 1385 2115 quisquis
1406 2066 1468 2098 es-

542 2147 578 2178 D
614 2145 634 2177 1
670 2145 703 2178 Ν
739 2145 774 2178 A
812 2146 846 2179 R
881 2146 908 2179 c
943 2145 979 2179 H
1014 2145 1051 2179 U
1087 2146 1126 2180 s.

186 2207 429 2266 Pessuma,
462 2223 630 2254 mane(

543 2294 578 2327 A
614 2293 636 2328 S
674 2294 705 2327 T
742 2294 777 2327 A
809 2294 842 2328 P
877 2294 913 2328 H
948 2294 970 2327 I
1007 2293 1043 2326 U
1079 2287 1138 2327 M.
1167 2322 1175 2332 ,

185 2353 235 2408 I,
265 2364 499 2414 optume,
526 2353 714 2401 odiosus
745 2371 802 2401 es.

185 2423 512 2472 Dinarchusne
536 2427 629 2472 illic
659 2428 756 2473 est?
779 2438 925 2487 atque
946 2426 981 2470 is
1007 2434 1086 2470 est.
1114 2424 1152 2469 it
1167 2422 1230 2469 ad
1255 2438 1355 2470 nos,
