1690 2872
348 129 442 187 486
647 128 1312 185 TRINUMMUS.
1477 156 1634 204 v.103

350 235 540 284 Deinde
572 254 730 299 porro.

713 323 738 356 C
779 324 814 357 H
850 323 885 357 A
922 326 956 360 R
991 325 1034 359 Μ
1068 326 1091 360 1
1126 327 1162 361 D
1199 328 1229 362 E
1264 327 1302 362 S.

581 383 772 430 Deinde
790 402 931 447 porro
955 387 1072 432 nolo
1095 387 1362 450 quidquam
1383 379 1634 452 praediees.

675 477 697 510 s
735 477 770 510 Y
806 479 833 510 c
872 479 904 512 ο
941 479 971 512 P
1006 480 1042 513 H
1077 474 1114 515 Α
1148 483 1182 516 Ν
1221 481 1255 515 Τ
1287 481 1338 516 A.

348 537 450 602 Ego
474 538 630 584 hercle
647 573 660 596 ‚
684 538 719 584 si
743 556 788 585 es
814 542 1053 588 molestus.

709 633 735 665 C
776 634 811 667 H
847 634 883 668 A
918 637 953 670 R
987 636 1031 669 M
1068 635 1089 668 Ι
1124 636 1160 669 D
1200 635 1230 669 E
1268 635 1306 670 S.

991 696 1116 742 Nam
1136 696 1370 759 pudicum
1389 698 1634 746 neminem

343 765 451 813 Esse
485 776 682 827 oportet
700 800 714 823 ,
754 767 840 828 qui
875 769 957 815 abs
992 781 1116 818 terra
1150 770 1213 817 ad
1248 773 1440 818 coelum
1467 789 1634 835 perve-

597 850 731 887 nent.

673 926 696 959 S
728 926 763 959 Y
800 926 826 958 C
866 927 898 959 O
939 928 966 960 P
1006 928 1040 961 H
1076 929 1112 962 A
1147 930 1182 962 N
1219 930 1251 963 T
1287 931 1337 964 A.

339 983 597 1033 Dimittam
614 1021 628 1043 ‚
663 998 719 1032 ut
745 998 793 1032 te
823 989 946 1033 velle
973 989 1126 1034 video.
1159 990 1241 1035 sed
1261 992 1472 1038 monstra
1489 993 1629 1038 hosce

591 1061 809 1106 homines
839 1063 971 1107 mihi.

342 1133 442 1182 Hos
468 1152 554 1199 ego
585 1152 764 1196 quaero
784 1172 797 1193 ‚
833 1137 1009 1198 quibus
1032 1154 1112 1183 me
1130 1149 1322 1199 oportet
1345 1139 1424 1185 has
1451 1140 1636 1188 deferre

597 1209 825 1268 epistolas.

701 1295 728 1326 c
765 1295 799 1328 H
836 1295 871 1328 A
905 1295 940 1328 R
975 1294 1018 1327 M
1052 1295 1074 1327 1
1109 1296 1145 1328 D
1181 1295 1210 1327 E
1251 1295 1288 1328 s.

337 1355 478 1426 Quid
509 1356 570 1401 ais
596 1366 650 1400 tu
677 1357 844 1401 nunc?
877 1357 913 1401 si
937 1356 1060 1403 forte
1087 1372 1202 1402 eum
1230 1355 1389 1418 ipsum
1413 1357 1625 1403 Charmi-

596 1424 711 1472 dem
740 1431 1066 1490 conspexeris3

333 1503 508 1559 Illum,
539 1517 687 1562 quem
706 1501 796 1546 tibi
824 1502 927 1549 istas
961 1503 1142 1551 dedisse
1172 1521 1496 1552 conmemorans
1525 1508 1627 1570 epi-

595 1576 732 1620 stolas
749 1610 762 1632 ‚

331 1647 594 1695 Noverisne
627 1648 913 1694 hominem?

659 1735 681 1768 S
719 1735 755 1768 Y
790 1735 818 1767 C
855 1735 886 1767 O
924 1735 951 1768 P
990 1736 1023 1768 H
1061 1734 1095 1768 A
1130 1736 1166 1769 N*
1199 1734 1232 1768 T
1268 1735 1316 1770 A.

621 1795 723 1842 Nae
746 1808 801 1842 tu
835 1813 915 1842 me
950 1797 1125 1858 edepol
1149 1796 1373 1843 arbitrare
1396 1797 1620 1857 beluam,'

328 1869 433 1941 Qui
460 1868 659 1932 quidem
685 1884 788 1915 non
819 1869 1002 1922 novisse
1033 1869 1210 1932 possim
1227 1904 1242 1928 ‚
1267 1870 1465 1930 quicum
1490 1882 1622 1916 aeta«

580 1954 681 1988 tem
710 1942 964 2005 exegerim.

327 2014 405 2062 An
434 2016 513 2062 ille
535 2026 632 2060 tam
666 2025 781 2060 esset
812 2015 1005 2073 stultus,
1040 2014 1127 2076 qui
1159 2014 1278 2060 mihi
1304 2015 1435 2061 mille
1469 2030 1612 2061 num-

577 2092 715 2132 mum
738 2088 952 2135 crederet

326 2159 663 2222 Philippeum,
697 2162 835 2222 quod
860 2178 940 2207 me
975 2178 1146 2208 aurum
1180 2161 1362 2208 deferre
1385 2159 1521 2224 jussit
1553 2160 1614 2206 ad

578 2246 781 2299 gnatum
807 2251 951 2281 suum
967 2270 981 2292 ‚

318 2307 480 2370 Atque
498 2307 559 2355 ad
576 2309 785 2354 amicum
798 2308 1056 2367 Calliclem,
1074 2308 1193 2370 quoi
1215 2322 1315 2352 rem
1333 2304 1459 2351 aibat
1475 2319 1607 2352 man-

577 2384 704 2429 dasse
732 2383 809 2429 hic
840 2383 1006 2429 suam?
1072 2437 1075 2441 .
