1630 2866
90 137 223 187 v.16⁴
346 132 638 183 ACTUS
692 133 793 181 IV.
843 133 952 182 SC.
1005 135 1127 182 111.
1276 154 1370 200 305

448 255 482 288 Τ
517 255 552 289 R
586 254 622 287 A
658 254 685 286 c
721 253 757 286 Η
791 254 826 286 A
861 253 893 286 1.
929 255 950 286 1
988 254 1037 288 o.

770 309 910 361 Audi.
945 314 1129 362 furtum
1159 332 1246 384 ego
1272 317 1379 363 vidi

94 366 201 460 Qui
227 387 450 439 faciebat:
480 403 705 434 noveram
735 388 1020 448 dominum,
1063 389 1116 435 id
1146 390 1264 451 quoi
1291 390 1377 437 fie—

354 461 460 506 bat:
499 477 585 521 pos
567 472 607 506 t
639 461 700 507 ad

94 537 269 584 Furem
295 548 485 599 egomet
509 535 738 594 devenio,
764 534 977 599 feroque
982 538 1025 584 ei
1045 536 1379 584 conditionem

349 607 443 653 hoc
469 620 634 669 pacto:

16 745 18 747 K
95 681 199 744 Ego
215 681 333 726 istuc
352 679 539 726 furtum
554 682 654 730 scio
673 682 793 742 quoi
815 681 995 729 factum
1012 684 1078 729 'st-
1106 698 1240 729 nunc
1256 682 1378 728 mihi

351 770 388 799 si
418 769 487 799 Vis

103 811 231 875 Dare
266 828 551 885 dimidium,
582 823 813 875 indicium
840 830 1043 889 domino
1073 845 1176 876 non
1203 827 1383 879 faciam.

357 901 394 946 is
426 901 544 947 mihi
570 902 691 947 nihil

107 973 265 1021 Etiam
290 973 562 1036 respondit.
575 974 697 1035 quid
721 956 835 1021 inde
862 992 1069 1038 aequom
1085 977 1141 1022 'st
1168 974 1269 1020 dari
1294 974 1386 1019 mi·-

355 1045 440 1092 hi?
471 1043 731 1093 dimidium

104 1119 476 1170 Voloutdicas.

556 1197 850 1231 GRIPU
889 1196 930 1231 S.

271 1263 431 1311 Iinmo
449 1264 605 1311 hercle
624 1265 765 1310 etiam
783 1265 1008 1326 amplius:
1041 1281 1155 1311 nam
1173 1266 1262 1311 nisi
1283 1265 1389 1325 dat,

639 1337 838 1383 domino
869 1337 1137 1384 dicundum

112 1401 308 1447 Censeo.

469 1475 1059 1509 TRACHALIO.

251 1543 363 1588 Tuo
380 1543 573 1588 consilio
592 1542 774 1587 faciam.
793 1558 923 1587 nunc
942 1543 1139 1591 advorte
1154 1545 1392 1597 animum;

118 1614 340 1675 Namque
357 1614 451 1660 hoc
466 1613 650 1659 adtinet
666 1629 811 1658 omne
827 1614 890 1658 ad
909 1626 972 1660 te.

571 1713 941 1748 GRIPUS.

711 1782 848 1851 Quid
872 1784 940 1827 est
962 1780 1174 1828 factum?

480 1881 513 1913 'r
547 1882 583 1916 R
615 1881 651 1914 A
684 1882 712 1914 c
746 1881 783 1915 n
817 1883 851 1915 A
886 1882 917 1914 1.
954 1882 975 1914 1
1010 1882 1059 1914 o.

739 1935 746 1956 “
1164 1934 1403 1985 Vidulum

129 2007 307 2063 Istum,
339 2005 510 2070 quojus
538 2005 617 2053 ille
642 2018 735 2064 est,
762 2007 876 2058 novi
899 2023 987 2070 ego
1014 2006 1260 2054 hominem
1277 2011 1403 2073 jam-

906 2081 1104 2142 pxidem.

582 2170 617 2203 G
652 2171 687 2205 R
721 2171 745 2204 1
779 2172 809 2206 Ρ
843 2172 879 2206 u
917 2172 954 2205 s.
1484 2189 1498 2202 .

1139 2225 1281 2294 Quid
1308 2227 1407 2274 est?

486 2300 520 2333 Τ
555 2301 588 2334 R
621 2302 659 2334 A
692 2301 721 2334 c
754 2299 791 2336 Η
825 2300 861 2335 A
893 2301 925 2335 1.
960 2302 982 2334 1
1020 2301 1071 2338 o.

134 2362 199 2414 Et
228 2379 327 2423 quo
357 2372 498 2424 pacto
530 2360 683 2423 periit.

211 2435 296 2482 Vol.
331 2437 422 2482 ΙΙΙ.
655 2484 658 2485 ⁷
1138 2436 1186 2485 V
