1630 2866
262 176 353 222 260
682 171 1113 220 RUDENS.
1413 177 1546 222 v.2‘6

256 284 373 353 Quo
390 292 531 344 pacto
549 283 662 328 leno
677 283 947 328 clanculum
962 298 1047 328 nos
1060 283 1171 329 hinc
1189 283 1374 331 auferre
1391 286 1549 333 voluit

252 356 312 401 In
342 356 543 403 Siciliam
561 391 574 413 ,
609 368 655 402 et
691 357 937 418 quidquid
967 357 1103 403 domi
1128 357 1254 418 fuit,
1283 359 1335 405 in
1370 375 1546 429 navem

507 427 733 488 inposivit
750 428 771 473 Ξ)

251 500 318 546 Ea
348 516 480 546 nunc
511 501 760 563 perierunt
794 501 966 547 omnia.

607 588 640 620 T
676 588 710 621 R
747 588 782 621 A
819 589 845 621 C
882 588 916 620 H
953 587 987 620 A
1022 587 1054 621 Ῑ,
1090 587 1112 620 I
1151 587 1200 622 Ο.

780 648 888 695 Oh!
918 648 1146 710 Neptune
1168 647 1356 710 lepide,
1396 650 1538 696 salve:

246 719 349 766 Nec
380 731 428 766 te
457 722 630 767 aleator
658 722 782 767 ullus
814 733 882 767 est
906 721 1171 783 sapientior.
1206 721 1424 783 profecto

247 793 398 839 Nimis
427 795 586 856 lepide
607 795 760 859 jecisti
779 795 973 841 bolum:
1002 796 1251 860 perjurum
1274 793 1536 857 perdidisti.

246 867 341 913 Sed
368 884 502 914 nunc
531 868 620 914 ubi
651 880 717 914 est
742 870 855 915 leno
886 868 1103 915 Labrax?

602 953 639 986 A
674 954 718 988 M
754 955 783 988 P
822 955 854 988 E
893 954 925 987 L
962 955 982 988 I
1019 954 1042 987 S
1080 954 1107 988 C
1143 952 1192 987 A.
1400 980 1415 983 ⁷-

713 1000 733 1009 ’
933 1014 1059 1059 Perit
1088 1012 1330 1075 potando,
1349 1013 1535 1074 opinor.

243 1087 496 1147 Neptunus
513 1086 692 1149 magnis
707 1086 890 1146 poculis
908 1087 992 1131 hac
1007 1097 1150 1132 nocte
1169 1101 1280 1131 eum
1297 1085 1530 1133 invitavit.

598 1176 630 1208 Τ
667 1178 700 1209 R
737 1177 768 1208 A
806 1177 834 1208 c
872 1178 906 1210 Η
943 1177 978 1209 Α
1015 1177 1044 1209 L
1082 1177 1103 1208 1
1139 1176 1188 1209 o.

239 1239 396 1285 Credo
413 1274 426 1295 ,
456 1239 637 1294 hercle,
665 1254 901 1284 anancaeo
933 1239 1132 1296 datum,
1165 1236 1302 1298 quod
1330 1237 1528 1285 biberet.

500 1323 556 1356 ut
589 1327 676 1375 ego
713 1327 822 1356 amo
855 1322 903 1357 te
920 1346 935 1368 ,

237 1382 346 1428 Mea
361 1381 643 1443 Ampelisca!
666 1392 722 1427 ut
738 1382 887 1428 dulcis
906 1384 977 1445 eg!
1004 1393 1059 1427 ut
1077 1382 1229 1427 mulsa
1245 1380 1371 1427 dicta
1385 1380 1524 1426 dicis!

238 1457 334 1503 Sed
358 1468 413 1503 tu
435 1469 482 1503 et
498 1457 724 1502 Palaestra
747 1457 1000 1516 quomodo
1023 1457 1172 1502 salvae
1195 1455 1332 1501 estis?

593 1549 632 1583 >A
667 1550 710 1583 M
745 1550 774 1583 P
810 1551 847 1585 E
874 1551 906 1584 L
943 1552 962 1585 Ῑ
1002 1550 1026 1585 S
1063 1551 1090 1583 C
1127 1550 1178 1583 A.

1217 1599 1368 1648 Scibis
1394 1601 1520 1649 faxo.

236 1677 276 1722 E
309 1677 419 1722 navi
453 1675 649 1722 timidae
682 1674 852 1720 ambae
886 1675 936 1720 in
974 1675 1194 1736 scapham
1227 1673 1519 1720 insiluimus:

501 1749 612 1808 quia
641 1749 859 1794 videmus
1152 1763 1153 1766 ¹

234 1819 314 1866 Ad
335 1836 440 1866 saxa
461 1837 634 1881 navem
653 1819 837 1876 ferrier,
862 1833 1116 1880 properans
1135 1818 1519 1865 exsolvi-restim:

232 1892 367 1950 Dum
392 1892 460 1937 illi
483 1892 679 1947 timent,
711 1907 797 1936 nos
818 1906 928 1935 cum
948 1889 1115 1950 scapha
1140 1886 1389 1952 tempestas
1403 1890 1520 1937 dex-

485 1977 752 2010 trovorsum

229 2037 401 2084 Differt
420 2039 479 2084 ab
498 2038 595 2082 illis.
627 2037 789 2097 itaque
813 2051 900 2081 nos
917 2035 1170 2096 ventisque·
1193 2035 1515 2096 fluctibusque

222 2111 428 2168 Jactatae
473 2110 701 2171 exemplis
741 2110 956 2171 plurimis
998 2110 1193 2156 miserae
1230 2120 1511 2172 perpetuam

486 2194 709 2229 noctem:
1393 2172 1399 2176 ⁴

227 2257 324 2304 Vix
344 2258 489 2304 hodie
507 2258 566 2303 ad
584 2259 693 2304 litus
715 2259 911 2321 pertulit
929 2274 1012 2322 nos
1027 2269 1195 2304 ventus
1214 2254 1505 2320 exanimatas.

586 2343 617 2375 T
655 2345 687 2376 R
723 2344 756 2376 A
792 2343 819 2375 c
856 2342 890 2374 Η
926 2343 960 2375 Α
995 2343 1026 2375 L
1058 2343 1081 2374 1
1116 2341 1163 2373 o.

223 2402 377 2463 Novi,
406 2404 659 2464 Neptunus
684 2403 748 2448 ita
773 2403 911 2448 solet:
938 2399 1151 2461 quamvis
1177 2395 1433 2443 fastidiosus
