1598 2814
64 148 160 199 v.8
377 137 650 190 Ac’rus
698 137 758 186 v.
799 135 903 185 sc.
953 136 1031 183 11.
1254 152 1348 199 ⁵03

417 264 446 297 C
481 263 516 298 H
552 261 587 296 A
621 262 655 296 R
689 255 734 294 M
767 258 789 294 1
825 259 861 294 D
896 257 927 295 E
961 257 1000 292 S.

61 330 143 380 Est
169 329 260 387 ita,
289 337 346 374 ut
371 336 428 372 tu
459 324 585 370 dicis.
638 321 722 368 se'd
746 337 834 386 ego
862 321 957 368 hoc
977 334 1171 382 nequeo
1189 320 1351 366 mirari

199 446 202 449 .
314 399 417 447 satis
433 432 449 456 ‚

64 474 192 522 Eum
222 489 428 519 sororem
466 467 766 532 despondisse
800 483 934 515 suam
963 467 1014 513 in
1040 478 1140 514 tam
1168 464 1342 513 fortem

318 543 574 599 familiam,

66 618 260 682 Lysiteli
294 617 492 680 quidem
519 614 749 662 Philtonis
777 613 891 660 filio.

415 711 449 746 L
482 711 515 744 Y
554 710 578 744 3
614 710 636 742 1
672 708 704 741 Τ
739 708 771 742 Ε
805 707 838 741 L
870 705 902 738 E
936 703 976 739 3.

846 764 991 812 Enim
1009 779 1088 809 me
1109 761 1343 809 nominat.

419 853 447 888 c
483 853 517 886 Η
554 852 588 885 Α
626 853 660 885 R
698 852 742 886 M
776 851 798 884 Ι
832 851 869 886 D
907 850 939 883 Ε
977 849 1015 884 3.

63 913 307 966 Familiam
334 923 583 975 optumam
610 910 874 973 occupavit.

421 1008 454 1041 L
490 1007 525 1041 Y
561 1007 586 1040 s
621 1007 641 1039 1
679 1007 711 1039 Τ
746 1004 776 1037 Ε
812 1004 844 1037 L
879 1003 910 1036 Ε
952 1002 990 1036 3.

533 1065 671 1136 Quid
701 1080 791 1129 ego
820 1079 945 1109 cesso
969 1063 1054 1108 hos
1080 1062 1346 1123 conloqui?

62 1138 156 1188 Sed
173 1155 391 1187 maneam
409 1138 551 1184 etiam
569 1154 767 1199 opmor:
788 1151 999 1197 namque
1016 1135 1109 1182 hoc
1126 1151 1347 1182 commo-

314 1213 434 1259 dum
459 1212 640 1258 orditur
666 1211 818 1272 loqui.

420 1306 448 1339 c
485 1305 520 1338 Η
554 1305 588 1339 A
623 1306 658 1340 R
693 1305 737 1338 M
777 1305 798 1338 1
833 1306 869 1338 D
905 1305 937 1338 E
973 1303 1011 1338 3.

62 1359 195 1408 Vah!

424 1435 452 1468 c
491 1434 527 1468 A
559 1434 591 1468 L
628 1433 660 1466 L
696 1435 719 1467 1
756 1435 784 1468 c
819 1435 852 1468 L
884 1435 916 1468 Ε
952 1434 991 1469 s.

161 1492 299 1564 Quid
333 1493 430 1540 est?
911 1487 914 1489 Δ

419 1577 446 1610 c
482 1575 517 1609 Η
554 1574 589 1609 Α
626 1576 660 1609 R
696 1577 738 1609 M
775 1575 797 1608 1
832 1577 868 1608 D
903 1574 934 1607 Ε
971 1573 1009 1608 3.

362 1635 554 1683 Oblitus
574 1636 699 1682 intus
719 1635 908 1682 dudum
934 1634 1018 1680 tibi
1039 1651 1145 1681 sum
1169 1634 1320 1683 dicere
1336 1628 1353 1684 τ’

65 1708 222 1757 Modo
250 1709 371 1756 mihi
397 1708 668 1755 advenienti
703 1720 904 1774 nugator
933 1708 1130 1771 quidam
1161 1711 1347 1759 accessit

319 1783 511 1830 obviarn
530 1818 545 1841 ,

68 1855 220 1902 Nimis
257 1857 588 1920 pergraphicus
622 1857 935 1920 sycophanta:
970 1856 1007 1902 is
1037 1857 1169 1903 mille
1202 1873 1348 1905 num..

319 1944 460 1974 mum
487 1945 534 1975 se
561 1946 760 1975 aureum

69 2002 183 2049 Meo
200 1999 315 2048 datu
332 2003 419 2048 tibi
431 2003 566 2060 ferre,
582 2015 630 2050 et
644 2015 786 2068 gnato
800 2003 1062 2050 Lesbonico
1076 2002 1199 2050 aibat
1214 2021 1342 2051 meo:

70 2077 235 2143 Quem
255 2092 341 2140 ego
359 2093 448 2122 nec
466 2077 550 2136 qui
570 2087 685 2124 esset
702 2093 873 2123 noram
887 2111 901 2134 ,
919 2093 1080 2138 neque
1098 2093 1213 2125 eum
1239 2089 1351 2123 ante

322 2165 526 2209 usquam
555 2149 784 2210 conspexi
811 2149 953 2210 prius.

72 2218 167 2267 Sed
198 2220 318 2284 quid
343 2221 503 2272 rides?

422 2316 451 2348 c
486 2314 522 2347 A
554 2314 606 2347 L
621 2313 654 2347 L
688 2314 710 2346 1
747 2314 774 2346 c
811 2314 843 2347 L
861 2314 906 2346 ,Ε
941 2312 980 2347 3.

231 2374 345 2421 Meo
369 2375 570 2440 allegatu
591 2375 751 2435 venit,
785 2375 916 2437 quasi
933 2375 1018 2436 qui
1040 2390 1209 2421 aurum
1226 2375 1344 2422 mihi

1016 2448 1039 2492 I
1061 2448 1076 2492 i
1115 2463 1145 2507 4
