1630 2866
216 183 313 234 *152*
542 169 1186 222 PSEUDOLUS.
1343 188 1506 242 v.1132⁴

579 298 605 329 c
644 296 680 329 A
715 295 747 329 L
783 296 804 328 1
839 297 875 329 D
914 293 948 329 o
983 296 1018 330 R
1051 295 1088 329 U
1124 295 1163 330 s.

217 357 358 430 Quid
386 371 472 423 ego
498 371 559 403 ex
586 366 635 402 te
659 355 840 401 audio?

675 443 704 475 B
742 441 778 476 A
814 442 846 474 L
881 441 912 475 L
947 441 970 475 1
1007 441 1054 476 o.

503 503 721 551 Amicam
743 514 877 549 tuam
906 517 999 547 esse
1023 501 1196 548 factam
1222 511 1501 568 argenteam.

576 599 603 631 c
641 598 743 643 AL
778 598 800 633 1
836 599 872 633 1,)
910 598 943 631 ο
979 598 1015 635 R
1049 596 1084 632 U
1121 588 1161 633 s.

218 658 314 707 Cur
345 659 398 707 id
428 676 565 708 ausus
589 660 741 706 facere
756 660 778 705 ξ’

677 747 707 781 Β
745 746 781 779 A
817 746 847 779 L
883 746 914 778 L
952 748 972 781 1
1009 746 1056 779 o.

670 806 866 863 Libuit,
894 823 1002 852 mea
1027 805 1132 860 fuit.

577 900 604 933 C
641 899 678 935 A
710 900 743 935 1.
777 900 800 936 1
835 901 871 935 D
912 900 944 936 Ο
979 901 1016 936 R
1051 899 1087 932 U
1123 896 1162 936 S.

1076 959 1206 1008 Eho!
1240 958 1503 1020 Pseudoles,

221 1025 274 1086 Ι,
304 1024 514 1091 gladium
539 1025 667 1072 affer.

575 1112 604 1148 P
641 1111 665 1144 s
701 1110 734 1147 Ε
768 1111 805 1145 U
841 1113 877 1147 n
909 1113 941 1147 o
978 1113 1010 1148 L
1047 1112 1083 1146 U
1122 1111 1164 1149 S.

412 1170 554 1240 Quid
590 1188 711 1233 opus
742 1173 936 1236 gladio?

575 1259 602 1292 c
640 1259 675 1294 A
711 1259 741 1292 L
780 1261 800 1292 1
836 1262 873 1294 D
910 1261 943 1294 o
977 1261 1012 1295 R
1045 1256 1081 1294 U
1116 1259 1152 1295 s.

691 1321 792 1391 Qui
820 1322 947 1369 hunc
970 1323 1210 1379 occidam,
1237 1328 1382 1384 atque
1407 1337 1502 1371 me.

568 1411 598 1445 P
640 1411 663 1445 s
699 1412 730 1445 E
767 1412 801 1445 u
839 1415 874 1447 D
913 1415 945 1448 o
983 1415 1014 1447 L
1050 1413 1084 1446 U
1123 1387 1178 1447 s.=

215 1473 355 1543 Quin
373 1482 429 1519 tu
458 1482 506 1518 te
534 1472 709 1520 occidis
736 1473 927 1534 potius?
953 1490 1067 1523 nam
1088 1474 1220 1526 hunc
1242 1472 1386 1520 fames
1401 1474 1502 1540 jam

467 1545 704 1591 occiderit.

569 1633 596 1664 c
633 1631 667 1664 A
704 1632 734 1664 L
770 1633 792 1665 1
830 1635 867 1667 n
907 1635 941 1668 o
976 1637 1011 1670 R
1046 1635 1082 1668 U
1118 1635 1159 1669 s.

212 1693 351 1764 Quid
383 1695 471 1751 ais,
506 1705 743 1755 quantum
779 1707 901 1746 terra
926 1699 1072 1761 tegit,
1111 1694 1367 1743 hominum
1393 1711 1502 1756 per-

458 1769 747 1832 jurissume?
1043 1814 1046 1817 .

203 1841 467 1900 Juravistin’
497 1852 544 1886 te
567 1842 697 1888 illam
717 1842 838 1888 nulli
854 1843 1190 1902 venditurum,
1221 1842 1310 1888 nisi
1344 1840 1499 1893 11111111),

661 1936 1040 1976 BALLIQ.

210 1988 394 2040 Fateor.

569 2062 1152 2101 CALIDORUS.

336 2125 528 2186 Nempe
547 2127 788 2187 conceptis
810 2126 976 2173 verbis.

661 2211 693 2244 Β
729 2211 766 2245 A
799 2213 830 2246 L
868 2213 898 2246 L
936 2213 956 2245 1
993 2213 1043 2247 o.
1389 2236 1395 2240 -

838 2274 993 2320 Etiam
1022 2273 1244 2320 consultis
1270 2260 1483 2334 quoque.

563 2361 591 2393 c
627 2359 662 2392 A
700 2360 733 2393 L
766 2358 790 2393 1
823 2360 861 2394 D
899 2360 932 2394 o
969 2359 1005 2395 R
1038 2357 1075 2393 U
1110 2357 1146 2393 s.

201 2414 520 2480 Perjuravisti,
549 2420 752 2479 scelesta,
804 2469 806 2471 ,
