1630 2866
213 166 310 228 164
523 159 1172 212 PSEUDOLUS.
1367 165 1500 214 v.81

571 287 602 320 P
638 286 664 319 S
701 287 732 320 E
771 286 807 319 U
843 287 880 320 D
920 287 952 320 O
987 287 1020 320 L
1054 288 1091 321 U
1129 287 1167 322 S.

208 352 418 401 Desiste:
449 358 577 394 recte
607 365 695 412 ego
721 364 822 393 rem
852 363 1010 393 meam
1032 349 1158 410 sapio
1174 384 1189 408 ,
1217 347 1446 411 Callipho.

207 427 403 473 Peccata
431 439 538 469 mea
557 434 680 468 sunt.
712 422 930 468 animum
961 423 1157 470 advorte
1188 441 1318 471 nunc
1346 427 1469 483 iam,

214 499 530 567 Quapropter
562 506 611 541 te
639 507 885 557 expertem
914 495 1084 541 amoris
1114 497 1212 542 nati
1236 497 1499 544 habuerim.

210 570 471 616 Pistrinum
498 569 550 614 in
570 569 759 615 mundo
787 568 986 626 scibam,
1017 568 1053 613 si
1078 568 1131 614 id
1155 567 1343 629 faxem,
1370 569 1502 616 mihi.
1567 618 1570 622 ἱ

729 663 752 696 s
788 663 809 696 1
848 663 890 696 M
929 664 980 696 o.

209 724 325 771 Non
354 741 380 769 a
410 739 490 769 me
524 723 669 770 scibas
698 724 956 785 pistrinum
990 725 1041 772 in
1074 724 1264 772 mundo
1293 724 1416 783 tibi,

202 797 378 867 Quom
410 813 464 842 ea
490 796 799 843 mussitabas?

567 882 598 915 P
635 881 659 916 s
694 882 725 915 Ε
764 881 801 914 U
836 883 871 915 D
910 883 942 917 o
984 882 1016 917 L
1051 883 1088 917 U
1125 882 1165 918 s.

760 940 968 989 Scibam.

720 1026 743 1061 s
780 1028 803 1060 1
843 1029 886 1060 M
928 1029 978 1061 o.

802 1088 900 1134 Cur
925 1105 1027 1134 non
1052 1090 1236 1136 dictum
1254 1100 1323 1136 est
1342 1088 1496 1137 mihi?

556 1174 588 1208 Ρ
626 1173 649 1206 5
686 1174 716 1206 Ε
753 1173 789 1206 U
823 1175 860 1207 D
903 1175 935 1208 o
972 1175 1004 1207 L
1042 1175 1077 1208 U
1114 1175 1152 1209 s.

199 1236 330 1305 Quia
356 1234 480 1280 illud
512 1235 696 1279 malurn
726 1233 916 1292 aderat,
950 1235 1070 1281 istuc
1104 1235 1264 1282 aberat
1288 1236 1491 1302 longius.

198 1306 330 1353 Illud
353 1318 450 1353 erat
477 1320 719 1368 praesens,
755 1306 866 1352 huic
895 1318 1030 1354 erant
1066 1308 1291 1360 dieculae.

725 1401 748 1435 S
787 1401 808 1434 1
845 1400 889 1433 M
926 1401 975 1434 Ο.

199 1462 339 1532 Quid
366 1476 499 1507 nunc
521 1460 692 1525 agetis?
726 1476 840 1506 nam
868 1459 980 1506 hinc
1007 1461 1208 1522 quidem
1234 1477 1261 1507 a
1284 1477 1365 1509 me
1389 1477 1490 1508 non

451 1545 612 1596 potest

198 1608 468 1672 Argentum
499 1607 704 1665 auferri,
731 1608 816 1668 qui
840 1607 1112 1668 praesertim
1141 1609 1374 1654 senserim.

196 1680 272 1727 Ne
288 1682 543 1743 quisquam
555 1680 720 1726 credat
735 1696 1011 1739 nummum,
1018 1680 1120 1744 jam
1133 1681 1318 1727 edicam
1334 1683 1489 1727 omni-

451 1754 555 1800 bus·

554 1841 584 1873 Ρ
619 1839 642 1872 s
679 1839 710 1872 E
749 1840 785 1873 U
822 1840 858 1872 D
896 1839 928 1873 o
966 1839 998 1872 L
1035 1838 1072 1871 U
1107 1838 1145 1872 s.

194 1898 479 1961 Numquam
513 1898 690 1958 edepol
722 1898 990 1958 quoiquam
1020 1897 1330 1959 supplicabo,
1361 1899 1483 1945 dum

454 1971 654 2032 quidem

193 2044 275 2091 Tu
303 2046 457 2092 vives:
490 2056 547 2090 tu
578 2044 696 2090 mihi
724 2044 880 2091 hercle
909 2056 1157 2110 argentum
1194 2046 1348 2094 dabis:

193 2116 292 2165 Abs
321 2127 369 2164 te
400 2117 630 2179 equidem
664 2135 862 2164 sumam.

719 2203 743 2238 s
782 2204 804 2236 1
841 2204 885 2238 M
923 2202 970 2236 o.

830 2264 912 2310 Tu
934 2281 960 2310 a
986 2280 1066 2310 me
1091 2262 1275 2310 sumes?

550 2348 581 2382 P
615 2347 638 2383 S
674 2348 704 2382 E
743 2349 778 2383 U
814 2349 851 2383 D
889 2350 922 2383 Ο
957 2349 989 2382 L
1025 2349 1061 2382 U
1098 2348 1139 2385 S.

1260 2396 1473 2446 Strenue.
