1598 2814
84 178 215 226 234
377 159 661 211 ACTUS
713 162 790 209 11.
839 159 947 210 sc.
1000 161 1100 209 vr.
1269 176 1361 223 549

407 281 439 315 P
475 281 511 315 Η
546 282 581 316 R
616 279 649 314 0
686 281 719 315 N
754 279 787 315 E
821 280 844 315 S
879 281 901 313 1
937 280 973 313 U
1008 280 1066 313 M.

819 339 916 387 Ubi
950 340 986 386 is
1012 350 1105 397 est,
1137 339 1364 388 obsecro?

341 424 1127 461 STRATOPRANES.

80 484 203 533 Mars
220 502 412 550 peregre
428 485 681 533 adveniens
696 489 863 534 salutat
879 486 1135 533 Nerienem
1151 483 1355 534 uxorem

332 575 477 604 suam.

82 632 253 702 Quom
275 643 330 679 tu
346 643 471 678 recte
491 634 774 694 provenisti,
801 648 1053 695 quomque
1072 648 1118 678 es
1140 644 1275 680 aucta
1299 634 1358 679 li-

0 763 3 765 >
330 704 451 751 beris
470 739 484 762 ,

83 775 334 836 Gratulor,
373 794 526 838 quom
556 776 675 822 mihi
702 753 887 838 tibique
920 793 1151 841 magnum
1184 778 1354 826 dedisti

331 850 486 897 decus.

401 937 430 970 P
467 936 501 968 H
535 937 570 970 R
605 935 637 969 0
671 935 708 968 N
741 935 772 968 E
808 934 832 969 S
865 936 889 969 1
924 935 961 968 U
995 936 1053 969 M.

79 993 237 1054 Salve,
255 996 342 1058 qui
354 1011 435 1042 me
447 995 717 1042 interfecisti
731 1011 882 1057 paene
901 1007 949 1042 et
964 998 1059 1043 vita
1078 1008 1125 1043 et
1142 999 1349 1059 lumine,

81 1067 282 1136 Quique
299 1069 400 1115 vim
423 1068 584 1132 magni
606 1068 781 1115 doloris
796 1085 884 1130 per
902 1071 1199 1132 voluptatem
1218 1083 1350 1119 tuam

76 1140 343 1187 Condidisti
358 1142 410 1187 in
427 1157 593 1203 corpus
606 1175 621 1199 ,
645 1157 746 1202 quo
762 1156 894 1187 nunc
911 1142 1052 1187 etiam
1069 1144 1241 1190 morbo
1259 1146 1351 1196 mi-

328 1231 427 1260 sera
447 1231 568 1260 sum.

333 1298 1124 1334 STRATOPHANES.

74 1357 184 1422 Eja,
202 1357 332 1404 haud
348 1359 408 1404 ab
425 1375 501 1415 re,
530 1375 634 1405 mea
652 1361 901 1421 voluptas,
925 1360 1012 1406 tibi
1030 1361 1259 1410 obvenit
1246 1363 1348 1410 1stic

329 1430 484 1476 labos:

74 1501 250 1549 Filium
269 1503 517 1565 peperisti,
553 1504 639 1564 qui
668 1505 792 1550 aedis
816 1506 970 1567 spoliis
993 1509 1212 1568 opplebit
1230 1520 1345 1555 tuas.

396 1598 426 1630 1²
462 1596 496 1629 Η
530 1599 565 1631 R
603 1598 634 1631 ο
673 1599 703 1631 Ν
743 1599 773 1631 Ε
811 1599 833 1633 s
871 1600 893 1632 1
927 1600 964 1632 U
1001 1601 1058 1634 M.

74 1659 235 1705 Multo
266 1669 442 1705 ecastor
472 1660 614 1723 magis
645 1661 848 1722 oppletis
877 1677 977 1723 opu
995 1662 1050 1707 ’st
1077 1662 1219 1708 tritici
1247 1667 1349 1726 gra-

308 1748 491 1792 ‚nams3

74 1803 171 1863 Ne,
189 1805 268 1850 ille
286 1804 563 1866 priusquam
577 1805 724 1866 spolia
741 1806 916 1868 capiat,
930 1806 1007 1852 hic
1022 1823 1109 1854 nos
1123 1809 1346 1856 exstinxit

323 1876 480 1923 fames.
718 1935 721 1937 Ι

332 1959 1111 1998 STRATOPHANES.

73 2017 212 2064 Habe
231 2017 417 2063 bonum
450 2019 677 2066 animum.

398 2103 426 2135 P
462 2105 495 2136 H
531 2105 565 2137 R
603 2105 635 2137 o
674 2105 709 2137 Ν
743 2105 773 2138 E
810 2106 833 2139 s
867 2107 890 2139 1
926 2107 962 2139 U
998 2107 1053 2140 M.

294 2158 484 2207 Savium
502 2162 556 2207 sis
577 2175 687 2223 pete
710 2165 819 2211 hinc
838 2183 862 2212 a
881 2183 972 2212 me.
991 2183 1181 2228 nequeo
1200 2181 1342 2230 caput

74 2233 290 2291 Tollere,
315 2233 380 2278 ita
411 2233 570 2291 dolui,
596 2235 757 2296 itaque
785 2253 873 2300 ego
898 2254 1029 2285 nunc
1061 2239 1224 2287 doleo:
1256 2259 1343 2288 ne-

324 2322 420 2367 que
447 2307 587 2352 etiam
610 2324 736 2368 queo
907 2322 934 2346 ⁸

72 2377 278 2424 Pedibus
308 2395 415 2425 mea
438 2389 607 2441 sponte
634 2380 887 2427 ambulare.

977 2455 1092 2503 Mrn
1127 2473 1153 2518 3
