1630 2866
226 138 323 201 '346
582 133 1086 188 >RUDENS.
1382 145 1519 192 v.16

683 258 716 294 G
753 248 788 293 R·
823 258 845 291 1
880 257 925 310 Ρ,
950 257 986 292 U
1023 258 1060 294 s.

223 380 271 427 N
363 381 395 427 d
424 357 457 429 b.
517 382 539 415 ρ
949 317 1090 387 Quae
1112 317 1226 366 haec
1245 317 1386 365 factio
1408 328 1477 366 est
1491 318 1526 393 Ρ.

262 397 337 427 οη
399 398 423 428 e
462 398 526 429 es.

681 459 713 492 L
751 458 787 492 A
825 455 853 491 Β
891 459 925 492 R
959 458 993 492 A
1030 460 1083 494 x.

517 518 631 565 Non
655 521 814 566 hercle
835 536 963 566 vero.

682 616 716 650 G
752 617 786 650 R
822 616 843 648 I
879 617 908 650 P
948 615 985 649 U
1021 614 1062 650 S.

883 677 998 723 Non
1019 689 1076 724 tu
1092 674 1276 742 juratus
1300 677 1419 725 mihi
1438 679 1516 726 es?

675 770 708 804 L
745 771 780 804 A
817 771 846 803 B
883 773 918 805 R
953 771 989 804 A
1022 772 1071 805 X.

213 829 405 890 Juratus
433 847 559 877 sum:
596 842 643 878 et
676 847 808 878 nunc
828 832 1029 897 jurabO,
1061 834 1097 879 si
1127 833 1248 896 quid
1272 834 1513 896 voluptati

477 915 545 951 est
567 904 708 951 mihi:

217 976 566 1042 jusjurandum
583 980 649 1025 rei
667 979 939 1038 servandae,
959 991 1061 1027 non
1081 981 1381 1042 perdendae,
1398 996 1515 1028 con-

475 1050 637 1096 ditum
655 1052 719 1097 ’st.

678 1139 710 1172 G
747 1141 781 1173 R
819 1140 841 1172 1
878 1141 907 1175 P
944 1141 980 1174 U
1017 1141 1054 1176 S.

222 1197 356 1244 Cedo
383 1199 439 1244 sis
461 1200 582 1245 mihi
607 1201 842 1246 talentum
863 1214 1096 1266 magnum
1117 1202 1322 1266 argenti,
1353 1204 1514 1268 perju-

478 1288 686 1319 nssume.

609 1368 646 1400 D
681 1367 717 1401 A
753 1368 783 1401 E
821 1367 863 1400 M
902 1369 934 1402 Ο
971 1371 1004 1403 N
1040 1368 1071 1403 E
1109 1367 1145 1403 S·

219 1423 394 1485 Gripe!
424 1424 562 1487 quod
583 1437 638 1473 tu
664 1427 810 1472 istum
839 1428 1075 1475 talentum
1097 1430 1248 1492 poscis
1263 1430 1286 1476 Ρ

683 1521 716 1556 G
753 1521 787 1556 R
822 1519 843 1554 I
881 1521 909 1556 P
946 1523 982 1557 U
1019 1523 1058 1558 S.
1507 1541 1511 1543 >

1117 1576 1289 1635 Juratu
1309 1576 1364 1623 ’st
1390 1578 1511 1624 mihi

218 1633 361 1683 Dare.

669 1714 701 1749 1.
738 1714 774 1748 A
812 1714 840 1748 Β
879 1716 913 1748 R
948 1715 984 1748 A
1021 1715 1069 1748 x.

345 1773 488 1820 Libet
499 1773 671 1838 jurare.
704 1775 805 1820 tun’
824 1791 935 1821 meo
953 1773 1180 1821 Pontifex
1196 1775 1405 1840 perjurio
1425 1792 1470 1822 es
1484 1776 1509 1823 Ξ)
1535 1764 1538 1767 ’

611 1868 647 1899 D
680 1868 722 1916 'A
756 1867 787 1900 Ε
824 1867 867 1900 Μ
903 1868 936 1902 0
973 1868 1005 1901 N
1043 1869 1073 1902 Ε
1111 1867 1150 1913 s,

218 1929 333 1997 Qua
353 1944 442 1991 pro
459 1945 509 1975 re
532 1941 782 1993 argentum
800 1929 1016 1991 promisit
1034 1916 1111 1976 hic
1129 1929 1216 1977 tibi
1228 1929 1251 1976 Ρ

680 2024 713 2059 G
749 2025 784 2059 R
817 2022 839 2058 I
873 2025 902 2058 P
941 2024 976 2058 U
1014 2025 1052 2059 S.

1209 2076 1258 2124 Si
1284 2077 1507 2124 vidulum

212 2152 365 2197 Istum
382 2152 660 2217 redegissem
679 2152 729 2197 in
744 2162 1029 2213 potestatem
1047 2150 1144 2216 ejus
1157 2184 1171 2208 ‚
1189 2151 1371 2216 juratus
1394 2149 1507 2195 dare

213 2222 336 2271 Mihi
358 2225 594 2272 talentum
615 2238 846 2289 magnum
867 2223 1056 2289 argenti.

668 2320 699 2354 L
736 2321 771 2354 A
808 2321 836 2352 B
875 2321 908 2354 R
946 2319 980 2352 A
1016 2317 1066 2350 x.

660 2379 793 2426 Cedo
817 2378 1014 2441 quicum
1041 2375 1239 2424 habeam
1255 2375 1470 2439 judicem
1486 2407 1506 2434 ‚
