1690 2872
83 130 276 220 ιη’
381 154 665 205 Λοτυε
717 156 815 204 1v.
865 154 972 204 sc,
1027 158 1105 204 11.
1279 122 1388 221 483'

445 278 472 310 c
508 277 543 309 Η
581 275 617 309 A
655 277 689 310 R
725 276 768 310 M
804 276 824 308 1
862 276 898 308 D
936 277 967 310 Ε
1004 276 1040 310 s.

87 341 154 389 At
165 340 295 387 enim
306 338 448 385 multi
456 336 706 385 Lesbonici
716 348 826 382 sunt
834 337 928 382 hic:
944 337 1031 382 nisi
1040 353 1219 384 nomen
1233 341 1375 400 patris

87 415 250 473 Dices,
266 429 368 461 non
381 424 637 459 monstrare
654 428 848 473 possum
866 411 975 457 istos
987 412 1226 470 hominess,
1246 430 1370 475 quos

344 497 402 532 tu
425 484 667 546 quaeritas.

87 559 242 630 Quod
272 558 333 604 ad
355 559 634 619 exemplum
661 557 765 603 est?
800 557 1070 678 conjectura
1101 560 1138 605 si
1162 560 1364 621 reperite

342 646 601 692 possumus.

418 715 441 749 s
483 715 514 748 Υ
554 715 581 747 c
620 715 652 747 o
692 714 721 747 P
761 714 795 746 Η
831 713 867 747 Α
902 714 935 748 N
972 715 1003 748 T
1037 714 1086 747 A.

91 776 170 824 Ad
182 777 273 824 hoc
297 777 577 838 exemplum
599 786 691 832 est,
712 774 850 820 Char.

450 862 476 894 c
515 861 549 893 Η
585 860 619 892 A
654 862 688 893 R
722 859 765 891 M
800 860 821 892 1
857 860 893 892 D
929 858 959 891 Ε
1001 857 1040 891 s.

172 921 251 967 An
269 921 466 968 Chares?
484 937 542 966 an
559 919 897 989 Charidemus?
919 917 1040 964 mim
1059 918 1334 967 Charmides
1345 921 1370 968 ?

420 1013 444 1047 s
479 1014 514 1046 Y
551 1015 578 1046 c
615 1014 647 1046 o
684 1013 712 1045 P
752 1012 787 1044 Η
822 1012 858 1044 A
895 1013 929 1046 N
967 1013 998 1044 T
1035 1012 1083 1044 A.

92 1074 243 1122 Hem!
278 1072 379 1119 istic
410 1072 508 1118 erit.
534 1072 619 1132 qui
651 1072 798 1118 istum
819 1071 902 1117 Dii
929 1071 1155 1132 perdant!

450 1166 477 1199 c
512 1166 547 1199 Η
583 1167 619 1199 Α
652 1167 686 1199 R
721 1167 766 1200 M
800 1167 822 1199 1
858 1167 894 1198 D
931 1166 961 1198 Ε
1001 1164 1038 1197 s.

670 1225 787 1271 Dixi
817 1242 905 1289 ego
933 1224 1228 1288 jamdudum
1257 1226 1372 1280 tibi;

93 1300 166 1347 Te
190 1300 349 1362 potius
369 1299 492 1345 bene
515 1297 669 1343 dicere
687 1315 897 1370 aequom
913 1299 967 1343 s’t
990 1297 1177 1343 homini
1194 1300 1374 1358 amico,

347 1386 495 1432 quam
525 1372 661 1416 male.

417 1453 440 1486 s
478 1453 512 1485 Υ
550 1453 577 1485 c
616 1453 649 1485 o
684 1452 713 1484 P
750 1453 785 1485 Η
823 1452 859 1485 A
896 1453 931 1485 N
965 1453 997 1485 Τ
1032 1453 1080 1486 A.

95 1520 235 1568 Satin’
258 1522 380 1567 intra
405 1510 534 1566 labra
555 1530 699 1580 atque
727 1519 891 1565 dentes
911 1520 1048 1566 latuit
1065 1522 1136 1566 vir
1163 1521 1373 1568 minumi

348 1592 502 1654 preti?

452 1678 480 1709 c
517 1677 552 1710 Η
587 1676 622 1710 A
659 1678 693 1710 R
728 1677 771 1710 M
806 1677 828 1710 1
863 1679 899 1711 D
937 1678 967 1711 E
1006 1677 1044 1711 s.

98 1739 172 1787 Ne
188 1739 310 1785 male
326 1739 523 1800 loquare
540 1738 720 1784 absenti
738 1739 905 1785 amico.

423 1798 1082 1857 s³YcoPuANTA

648 1884 786 1954 Quid
804 1900 915 1948 ergo
937 1883 1016 1929 ille
1042 1882 1378 1947 ignavissumus

103 1949 224 2004 Mihi
251 1948 495 1996 latitabat?

457 2035 484 2068 c
519 2034 556 2068 Η
591 2033 626 2067 A
663 2020 697 2067 R
731 2035 774 2067 M
809 2035 831 2066 1
867 2035 903 2066 D
939 2034 970 2066 E
1006 2032 1041 2066 s,

393 2095 441 2142 Si
473 2095 744 2156 appellasses
758 2127 774 2152 ‚
804 2093 1145 2155 respondisset,
1169 2092 1379 2141 nomine.

44 2228 54 2234 ἱ
107 2169 201 2217 Sed
230 2170 327 2231 ipse
350 2169 436 2215 ubi
467 2167 567 2213 est?

429 2254 452 2287 s
489 2254 523 2286 Υ
559 2253 586 2285 c
625 2253 657 2285 o
697 2253 727 2286 P
762 2252 797 2285 Η
832 2252 868 2285 A
902 2252 935 2284 N
971 2251 1003 2284 Τ
1037 2250 1084 2283 A.

295 2314 385 2360 Pol
400 2313 538 2361 illurn
554 2312 727 2375 reliqui
745 2310 807 2357 ad
822 2309 1199 2356 Rhadamantem
1220 2309 1270 2354 in
1290 2308 1383 2365 Ge<

775 2383 936 2443 'cropia
956 2383 1118 2428 insula.

1018 2455 1119 2499 Hh
1154 2469 1178 2503 2
