1630 2866
40 178 212 229 'tr-20
383 173 665 222 ACTUS
717 173 816 221 IV.
873 173 980 223 SC.
1028 178 1106 224 11.
1295 182 1362 245 61Δ

365 291 1081 330 SYNCERASTUS.

70 357 209 407 Haec
234 372 387 418 quom
412 356 487 402 hic
504 354 646 401 video
664 353 796 412 fieri,
815 354 996 402 crucior
1015 355 1172 416 pretiis
1208 368 1361 406 emtos

331 429 565 475 maxumis
585 462 601 484 ,

78 501 226 563 Apud
257 517 343 547 nos
376 499 695 561 expeculiatos
720 512 873 542 servos
906 497 1007 543 fieri
1034 499 1125 543 suis
1162 499 1296 546 heris.

81 574 179 622 Sed
207 575 270 620 ad
297 586 594 635 postremum
621 571 740 617 nihil
755 566 967 632 ‘apparet
994 572 1119 617 male
1142 584 1361 634 partum,

338 646 461 690 male
495 644 701 705 disperit.

502 731 544 763 M
577 729 596 761 1
635 729 665 761 1,
699 728 727 760 P
763 727 798 761 Η
831 727 852 760 1
893 728 943 762 ο.

85 789 291 836 Proinde
316 789 459 835 habet
490 788 568 834 hic
596 786 859 833 orationem
874 820 889 843 ,
911 788 1042 847 quasi
1066 788 1164 849 ipse
1183 789 1240 835 sit
1259 789 1359 837 fr’u-

333 861 381 925 gi
406 861 586 916 bonae,

78 934 179 1004 Qui
198 934 322 996 ipsus
338 933 491 979 hercle
507 931 796 996 ignaviorem
811 932 936 992 potis
953 943 1021 978 est
1041 931 1197 979 facere
1218 934 1357 997 Igna«,

385 1088 1078 1124 SYNCERASTUS.

77 1148 217 1195 Nunc
248 1148 452 1196 domum
475 1149 586 1196 haec
617 1150 677 1195 ab
702 1148 821 1196 aede
853 1149 1047 1197 Veneris
1081 1150 1231 1198 refero
1275 1159 1358 1208 vai

330 1238 403 1278 sa,
435 1221 519 1267 ubi
550 1221 708 1268 hostiis

78 1292 233 1340 Herus
254 1295 472 1355 nequivit
488 1296 741 1357 propitiare
759 1294 998 1343 Venerem
1014 1311 1100 1343 suo
1117 1294 1236 1343 festo
1259 1296 1354 1345 die.

500 1387 543 1420 M
576 1388 598 1420 1
634 1389 664 1421 1.
700 1389 729 1422 P
763 1389 798 1421 Η
833 1388 855 1421 1
894 1389 941 1422 o.

82 1446 312 1508 Lepidam
341 1447 606 1495 Venerem!

124 1518 129 1523 '
370 1531 1073 1570 SYNCERASTUS.

404 1592 526 1638 Nam
545 1595 809 1640 meretrices
826 1607 1005 1642 nostrae
1022 1597 1182 1657 primis
1198 1597 1358 1648 hostiis

76 1661 315 1710 Venerem
340 1664 582 1726 placavere
616 1667 874 1727 extemplo.

497 1750 541 1784 M
576 1751 599 1783 1
633 1752 664 1783 1.
701 1751 728 1783 P
765 1751 800 1784 Η
834 1752 856 1784 1
892 1752 938 1785 o.

605 1811 654 1857 O
676 1812 886 1873 lepidam
909 1807 1143 1862 Venerem
1164 1817 1350 1866 denuo!

371 1894 1078 1933 SYNCERASTUS.

66 1941 217 1997 'Nunc
245 1951 447 2001 domum
470 1956 565 2003 ibo.

498 2043 542 2075 M
576 2043 598 2075 1
634 2043 664 2076 L
698 2043 727 2076 P
763 2043 798 2076 H
832 2044 854 2076 Ῑ
889 2045 935 2079 Ο.

373 2097 505 2144 Heus
521 2135 535 2156 ,
560 2101 840 2162 Synceraste.

370 2186 1074 2229 SYNCERASTUS.

710 2251 1037 2313 Syncerastum
1068 2256 1154 2315 qui
1179 2258 1351 2306 vocat?

495 2333 935 2372 M11P1110.

82 2383 430 2431 Tuusamicus.

1041 2462 1147 2515 Ea
