1630 2866
137 208 261 245 v.12
413 189 698 240 ACTUS
746 190 822 235 11.
879 188 986 236 SC.
1040 191 1156 236 111.
1324 208 1413 254 179

140 297 350 344 Centum
374 293 572 341 doctum
594 291 848 339 hominum
864 288 1052 336 consilia
1071 291 1168 337 sola
1197 290 1311 339 haec
1329 293 1416 341 de-

390 367 538 415 vincit
568 366 673 412 Dea

142 442 358 490 Fortuna.
388 452 534 501 atque
563 439 655 484 hoc
680 454 848 485 verum
864 437 942 485 'stz
971 437 1175 501 proinde
1203 451 1261 487 ut
1290 442 1418 503 quis-

401 528 497 574 que
531 509 725 556 fortuna
746 511 924 568 utitur,

142 586 215 633 Ita
242 585 490 647 praecellet
504 616 518 640 ,
548 594 693 643 atque
724 581 900 629 exinde
931 597 1092 645 sapere
1109 599 1223 630 eum
1251 601 1421 634 omnes

398 657 610 702 dicimus.

148 732 274 780 Bene
299 733 388 780 ubi
413 731 547 793 quod
569 729 820 778 consilium
838 729 1055 779 discimus
1070 734 1284 781 accidisse
1296 769 1311 794 ,
1329 736 1421 783 hoa

398 806 580 851 minem
612 815 772 851 catum

146 878 275 926 Eum
292 894 385 924 esse
400 878 704 925 declaxamus:
725 870 926 924 stultu'm
942 887 1104 924 autem
1118 877 1256 924 illum
1267 913 1282 937 ,
1301 881 1422 941 quoi

410 950 555 998 vortit
586 950 722 995 male.

133 1023 293 1091 >Stulti
308 1023 436 1071 haud
451 1023 641 1080 scimus,
665 1022 832 1069 frustra
848 1032 906 1068 ut
931 1021 1075 1068 simus
1087 1057 1101 1080 ,
1131 1039 1285 1084 quom
1302 1026 1426 1087 quid

404 1096 650 1157 cupienter
678 1093 776 1140 dari

150 1172 358 1221 Petimus
386 1170 550 1228 nobis,
575 1171 737 1232 quasi,
762 1168 912 1231 quid
899 1185 951 1214 m
969 1185 1072 1215 rem
1088 1169 1147 1215 sit
1162 1202 1176 1227 ,
1192 1170 1425 1232 possimus

400 1260 606 1291 noscere.

152 1316 294 1364 Certa
325 1317 582 1363 amittimus
597 1350 611 1372 ‚
653 1314 773 1361 dum
802 1315 981 1362 incerta
1010 1314 1242 1377 petimus:
1281 1326 1427 1377 atque

406 1390 499 1434 hoc
531 1388 689 1434 evenit
704 1421 719 1444 ‚

104 1488 108 1492 v
153 1462 213 1508 In
237 1462 398 1508 labore
434 1473 579 1522 atque
603 1459 656 1505 in
691 1460 855 1506 dolore
882 1472 938 1506 ut
968 1476 1092 1507 mors
1121 1461 1319 1522 obrepat
1351 1460 1427 1506 in-

413 1534 567 1579 terim.

157 1605 252 1654 Sed
261 1606 363 1670 jam
377 1606 480 1652 satis
502 1616 570 1651 est
585 1604 984 1667 philosophatum.
1001 1604 1138 1649 nimis
1153 1603 1239 1649 diu
1258 1615 1305 1648 et
1320 1604 1429 1648 lon-

410 1695 526 1743 gum
547 1679 733 1742 loquor.

159 1750 241 1795 Dii
260 1752 549 1797 inmortales!
576 1752 838 1798 aurichalco
856 1761 1020 1797 contra
1038 1765 1140 1795 non
1156 1765 1319 1796 carum
1336 1749 1428 1797 fuit

161 1819 328 1868 Meum
348 1824 652 1870 mendacium
665 1859 679 1880 ‚
705 1824 783 1869 hic
803 1823 955 1869 modo
978 1822 1115 1883 quod
1137 1823 1294 1869 subito
1317 1839 1432 1869 con-

412 1907 599 1942 mentus
625 1896 694 1943 fui
713 1931 727 1954 ‚
754 1916 760 1922 ·

166 1963 293 2032 Quia
305 1965 484 2011 lenonis
507 1985 585 2014 me
604 1985 697 2015 esse
715 1969 827 2014 dixi.
858 1983 987 2016 nune
1008 1983 1098 2032 ego
1120 1965 1206 2012 hac
1236 1965 1431 2026 epistola

166 2038 283 2084 Tres
300 2037 547 2091 deludam3
576 2042 767 2099 herum,
789 2055 837 2089 et
862 2045 1117 2099 lenonem,
1139 2052 1188 2086 et
1205 2040 1293 2101 qui
1309 2039 1430 2085 hanc

418 2113 534 2166 mihi
552 2115 684 2160 dedit
709 2117 967 2177 epistolam.

164 2184 300 2249 Euge
315 2217 330 2242 ,
357 2200 441 2246 par
463 2185 586 2246 pari!
624 2186 754 2231 aliud
783 2199 970 2245 autem,
1000 2188 1133 2248 quod
1159 2187 1439 2248 cupiebam,

419 2257 629 2321 contigit.

169 2327 313 2377 Venit
328 2364 343 2389 ,
388 2346 581 2388 eccum,
622 2329 899 2389 Calidorus,
943 2331 1076 2378 ducit
1104 2329 1259 2375 nescio
1291 2344 1439 2390 quem

428 2418 588 2450 secum
613 2404 760 2450 simul.

1119 2474 1238 2525 Ma
