<?xml version="1.0" encoding="UTF-8"?>
<!DOCTYPE html PUBLIC "-//W3C//DTD XHTML 1.0 Transitional//EN"
    "http://www.w3.org/TR/xhtml1/DTD/xhtml1-transitional.dtd">
<html xmlns="http://www.w3.org/1999/xhtml" xml:lang="en" lang="en">
 <head>
  <title>
</title>
<meta http-equiv="Content-Type" content="text/html;charset=utf-8" />
  <meta name='ocr-system' content='tesseract 3.04.00' />
  <meta name='ocr-capabilities' content='ocr_page ocr_carea ocr_par ocr_line ocrx_word'/>
</head>
<body>
  <div class='ocr_page' id='page_1' title='image "./comoediaesuperst03plauuoft_0262.png"; bbox 0 0 1630 2866; ppageno 0'>
   <div class='ocr_carea' id='block_1_1' title="bbox 264 169 1546 237">
    <p class='ocr_par' dir='ltr' id='par_1_1' title="bbox 264 169 1546 237">
     <span class='ocr_line' id='line_1_1' title="bbox 264 169 1546 237; baseline 0.002 -20"><span class='ocrx_word' id='word_1_1' title='bbox 264 174 386 232; x_wconf 77' lang='lat'>256.</span> <span class='ocrx_word' id='word_1_2' title='bbox 680 169 1115 237; x_wconf 12' lang='lat' dir='ltr'><strong>RUbDENS.</strong></span> <span class='ocrx_word' id='word_1_3' title='bbox 1443 187 1546 234; x_wconf 81' lang='lat' dir='ltr'>v.9</span> 
     </span>
    </p>
   </div>
   <div class='ocr_carea' id='block_1_2' title="bbox 255 276 1553 1317">
    <p class='ocr_par' dir='ltr' id='par_1_2' title="bbox 255 276 1553 1287">
     <span class='ocr_line' id='line_1_2' title="bbox 261 276 1553 340; baseline -0.003 -12"><span class='ocrx_word' id='word_1_4' title='bbox 261 282 469 328; x_wconf 86' lang='lat' dir='ltr'><strong>Duceret</strong></span> <span class='ocrx_word' id='word_1_5' title='bbox 510 276 840 340; x_wconf 83' lang='lat' dir='ltr'>chlamydatos</span> <span class='ocrx_word' id='word_1_6' title='bbox 881 293 994 324; x_wconf 87' lang='lat' dir='ltr'>curn</span> <span class='ocrx_word' id='word_1_7' title='bbox 1030 277 1300 324; x_wconf 87' lang='lat' dir='ltr'>machaeriis</span> <span class='ocrx_word' id='word_1_8' title='bbox 1319 311 1334 336; x_wconf 86' lang='lat'><strong>,</strong></span> <span class='ocrx_word' id='word_1_9' title='bbox 1369 279 1553 325; x_wconf 85' lang='lat' dir='ltr'>vidistis</span> 
     </span>
     <span class='ocr_line' id='line_1_3' title="bbox 455 351 845 417; baseline -0.005 -19"><span class='ocrx_word' id='word_1_10' title='bbox 455 361 459 363; x_wconf 89' lang='grc'><strong>’</strong></span> <span class='ocrx_word' id='word_1_11' title='bbox 512 351 709 398; x_wconf 82' lang='lat' dir='ltr'>venire?</span> <span class='ocrx_word' id='word_1_12' title='bbox 838 411 845 417; x_wconf 28' lang='grc' dir='ltr'>ἱ</span> 
     </span>
     <span class='ocr_line' id='line_1_4' title="bbox 658 443 1170 480; baseline 0.002 -1"><span class='ocrx_word' id='word_1_13' title='bbox 658 446 687 479; x_wconf 83' lang='grc' dir='ltr'><strong>Ρ</strong></span> <span class='ocrx_word' id='word_1_14' title='bbox 724 445 744 477; x_wconf 95' lang='lat'>1</span> <span class='ocrx_word' id='word_1_15' title='bbox 781 443 804 477; x_wconf 88' lang='lat' dir='ltr'>s</span> <span class='ocrx_word' id='word_1_16' title='bbox 841 444 868 476; x_wconf 91' lang='lat' dir='ltr'>c</span> <span class='ocrx_word' id='word_1_17' title='bbox 906 443 941 477; x_wconf 88' lang='lat' dir='ltr'>A</span> <span class='ocrx_word' id='word_1_18' title='bbox 978 444 1010 477; x_wconf 85' lang='grc' dir='ltr'><strong>Τ</strong></span> <span class='ocrx_word' id='word_1_19' title='bbox 1049 445 1082 478; x_wconf 93' lang='grc' dir='ltr'>ο</span> <span class='ocrx_word' id='word_1_20' title='bbox 1122 446 1170 480; x_wconf 81' lang='lat' dir='ltr'>R.</span> 
     </span>
     <span class='ocr_line' id='line_1_5' title="bbox 259 505 1547 566; baseline -0.003 -10"><span class='ocrx_word' id='word_1_21' title='bbox 259 510 466 556; x_wconf 85' lang='lat' dir='ltr'>Nullum</span> <span class='ocrx_word' id='word_1_22' title='bbox 506 506 616 552; x_wconf 86' lang='lat' dir='ltr'>istac</span> <span class='ocrx_word' id='word_1_23' title='bbox 655 505 772 552; x_wconf 87' lang='lat' dir='ltr'>facie</span> <span class='ocrx_word' id='word_1_24' title='bbox 793 538 808 563; x_wconf 83' lang='lat'><strong>,</strong></span> <span class='ocrx_word' id='word_1_25' title='bbox 847 515 903 550; x_wconf 86' lang='lat' dir='ltr'>ut</span> <span class='ocrx_word' id='word_1_26' title='bbox 935 505 1169 566; x_wconf 73' lang='lat' dir='ltr'>praedicas</span> <span class='ocrx_word' id='word_1_27' title='bbox 1187 540 1203 563; x_wconf 92' lang='lat'>‚</span> <span class='ocrx_word' id='word_1_28' title='bbox 1239 507 1416 554; x_wconf 86' lang='lat' dir='ltr'>venisse</span> <span class='ocrx_word' id='word_1_29' title='bbox 1449 507 1547 553; x_wconf 85' lang='lat' dir='ltr'>huc</span> 
     </span>
     <span class='ocr_line' id='line_1_6' title="bbox 1138 580 1318 630; baseline 0.022 -4"><span class='ocrx_word' id='word_1_30' title='bbox 1138 580 1318 630; x_wconf 69' lang='lat' dir='ltr'>scimus,</span> 
     </span>
     <span class='ocr_line' id='line_1_7' title="bbox 615 673 1210 710; baseline -0.002 -1"><span class='ocrx_word' id='word_1_31' title='bbox 615 676 647 709; x_wconf 84' lang='lat' dir='ltr'>T</span> <span class='ocrx_word' id='word_1_32' title='bbox 684 675 718 709; x_wconf 84' lang='lat' dir='ltr'>R</span> <span class='ocrx_word' id='word_1_33' title='bbox 754 674 790 707; x_wconf 88' lang='lat' dir='ltr'>A</span> <span class='ocrx_word' id='word_1_34' title='bbox 829 674 856 706; x_wconf 88' lang='lat' dir='ltr'>c</span> <span class='ocrx_word' id='word_1_35' title='bbox 895 673 931 707; x_wconf 84' lang='lat' dir='ltr'>H</span> <span class='ocrx_word' id='word_1_36' title='bbox 968 673 1004 707; x_wconf 92' lang='lat' dir='ltr'>A</span> <span class='ocrx_word' id='word_1_37' title='bbox 1036 674 1067 708; x_wconf 83' lang='lat' dir='ltr'>L</span> <span class='ocrx_word' id='word_1_38' title='bbox 1105 675 1128 708; x_wconf 91' lang='lat'>1</span> <span class='ocrx_word' id='word_1_39' title='bbox 1164 676 1210 710; x_wconf 91' lang='lat' dir='ltr'>o.</span> 
     </span>
     <span class='ocr_line' id='line_1_8' title="bbox 942 727 1546 789; baseline 0.008 -19"><span class='ocrx_word' id='word_1_40' title='bbox 942 767 945 770; x_wconf 78' lang='grc'>,</span> <span class='ocrx_word' id='word_1_41' title='bbox 1329 727 1546 789; x_wconf 83' lang='lat' dir='ltr'><strong>Ecquem</strong></span> 
     </span>
     <span class='ocr_line' id='line_1_9' title="bbox 256 802 1547 860; baseline -0.003 -8"><span class='ocrx_word' id='word_1_42' title='bbox 256 805 515 852; x_wconf 84' lang='lat' dir='ltr'>Recalvom</span> <span class='ocrx_word' id='word_1_43' title='bbox 533 819 585 849; x_wconf 88' lang='lat' dir='ltr'>ac</span> <span class='ocrx_word' id='word_1_44' title='bbox 614 803 815 849; x_wconf 88' lang='lat' dir='ltr'>silonem</span> <span class='ocrx_word' id='word_1_45' title='bbox 841 817 1031 860; x_wconf 84' lang='lat' dir='ltr'>senem,</span> <span class='ocrx_word' id='word_1_46' title='bbox 1055 812 1317 860; x_wconf 86' lang='lat' dir='ltr'>statutum,</span> <span class='ocrx_word' id='word_1_47' title='bbox 1334 802 1547 849; x_wconf 82' lang='lat' dir='ltr'>ventrio-</span> 
     </span>
     <span class='ocr_line' id='line_1_10' title="bbox 511 894 648 933; baseline -0.007 -11"><span class='ocrx_word' id='word_1_48' title='bbox 511 894 617 922; x_wconf 89' lang='lat' dir='ltr'>sum</span> <span class='ocrx_word' id='word_1_49' title='bbox 634 911 648 933; x_wconf 84' lang='lat'>,</span> 
     </span>
     <span class='ocr_line' id='line_1_11' title="bbox 256 947 1546 1012; baseline -0.002 -15"><span class='ocrx_word' id='word_1_50' title='bbox 256 951 415 997; x_wconf 87' lang='lat' dir='ltr'>Tortis</span> <span class='ocrx_word' id='word_1_51' title='bbox 435 950 708 1012; x_wconf 82' lang='lat' dir='ltr'>superciliis,</span> <span class='ocrx_word' id='word_1_52' title='bbox 724 960 964 995; x_wconf 85' lang='lat' dir='ltr'>contracta</span> <span class='ocrx_word' id='word_1_53' title='bbox 978 948 1151 1005; x_wconf 84' lang='lat' dir='ltr'>fronte,</span> <span class='ocrx_word' id='word_1_54' title='bbox 1165 947 1546 1004; x_wconf 80' lang='lat' dir='ltr'>fraudulentum,</span> 
     </span>
     <span class='ocr_line' id='line_1_12' title="bbox 255 1020 1550 1084; baseline -0.004 -13"><span class='ocrx_word' id='word_1_55' title='bbox 255 1025 477 1071; x_wconf 84' lang='lat' dir='ltr'>Deorum</span> <span class='ocrx_word' id='word_1_56' title='bbox 506 1026 677 1070; x_wconf 88' lang='lat' dir='ltr'>odium</span> <span class='ocrx_word' id='word_1_57' title='bbox 704 1035 850 1084; x_wconf 83' lang='lat' dir='ltr'>atque</span> <span class='ocrx_word' id='word_1_58' title='bbox 878 1022 1170 1079; x_wconf 88' lang='lat' dir='ltr'>hominum,</span> <span class='ocrx_word' id='word_1_59' title='bbox 1197 1022 1408 1079; x_wconf 76' lang='lat' dir='ltr'>malum,</span> <span class='ocrx_word' id='word_1_60' title='bbox 1434 1020 1550 1066; x_wconf 82' lang='lat' dir='ltr'>mali</span> 
     </span>
     <span class='ocr_line' id='line_1_13' title="bbox 510 1096 1147 1156; baseline -0.008 -14"><span class='ocrx_word' id='word_1_61' title='bbox 510 1097 595 1142; x_wconf 85' lang='lat' dir='ltr'>viti</span> <span class='ocrx_word' id='word_1_62' title='bbox 626 1096 890 1156; x_wconf 84' lang='lat' dir='ltr'>probrique</span> <span class='ocrx_word' id='word_1_63' title='bbox 918 1096 1147 1154; x_wconf 88' lang='lat' dir='ltr'>plenum,</span> 
     </span>
     <span class='ocr_line' id='line_1_14' title="bbox 260 1165 1545 1237; baseline -0.002 -23"><span class='ocrx_word' id='word_1_64' title='bbox 260 1168 364 1237; x_wconf 71' lang='lat' dir='ltr'>Qui</span> <span class='ocrx_word' id='word_1_65' title='bbox 401 1168 599 1219; x_wconf 89' lang='lat' dir='ltr'>duceret</span> <span class='ocrx_word' id='word_1_66' title='bbox 636 1168 934 1213; x_wconf 87' lang='lat' dir='ltr'>mulierculas</span> <span class='ocrx_word' id='word_1_67' title='bbox 975 1167 1093 1212; x_wconf 88' lang='lat' dir='ltr'>duas</span> <span class='ocrx_word' id='word_1_68' title='bbox 1124 1181 1288 1212; x_wconf 89' lang='lat' dir='ltr'>secum</span> <span class='ocrx_word' id='word_1_69' title='bbox 1322 1165 1425 1214; x_wconf 83' lang='lat' dir='ltr'>satis</span> <span class='ocrx_word' id='word_1_70' title='bbox 1463 1182 1545 1213; x_wconf 86' lang='lat' dir='ltr'>ve·-</span> 
     </span>
     <span class='ocr_line' id='line_1_15' title="bbox 518 1240 712 1317; baseline 0 -31"><span class='ocrx_word' id='word_1_71' title='bbox 518 1240 712 1317; x_wconf 84' lang='lat' dir='ltr'>nustas?</span> 
     </span>
    </p>
   </div>
   <div class='ocr_carea' id='block_1_3' title="bbox 258 1335 1546 1589">
    <p class='ocr_par' dir='ltr' id='par_1_3' title="bbox 258 1335 1546 1589">
     <span class='ocr_line' id='line_1_16' title="bbox 650 1335 1165 1371; baseline -0.006 0"><span class='ocrx_word' id='word_1_72' title='bbox 650 1338 678 1371; x_wconf 91' lang='lat' dir='ltr'>P</span> <span class='ocrx_word' id='word_1_73' title='bbox 714 1337 735 1370; x_wconf 94' lang='lat' dir='ltr'>I</span> <span class='ocrx_word' id='word_1_74' title='bbox 771 1336 793 1370; x_wconf 93' lang='lat' dir='ltr'>S</span> <span class='ocrx_word' id='word_1_75' title='bbox 833 1337 859 1369; x_wconf 95' lang='lat' dir='ltr'>C</span> <span class='ocrx_word' id='word_1_76' title='bbox 898 1335 932 1369; x_wconf 89' lang='lat' dir='ltr'>A</span> <span class='ocrx_word' id='word_1_77' title='bbox 971 1337 1002 1369; x_wconf 90' lang='lat' dir='ltr'>T</span> <span class='ocrx_word' id='word_1_78' title='bbox 1044 1335 1076 1368; x_wconf 94' lang='lat' dir='ltr'>O</span> <span class='ocrx_word' id='word_1_79' title='bbox 1118 1335 1165 1369; x_wconf 85' lang='lat' dir='ltr'>R.</span> 
     </span>
     <span class='ocr_line' id='line_1_17' title="bbox 259 1394 1546 1457; baseline -0.002 -15"><span class='ocrx_word' id='word_1_80' title='bbox 259 1396 387 1442; x_wconf 85' lang='lat' dir='ltr'>Cum</span> <span class='ocrx_word' id='word_1_81' title='bbox 403 1396 669 1442; x_wconf 84' lang='lat' dir='ltr'>istiusmodi</span> <span class='ocrx_word' id='word_1_82' title='bbox 685 1396 939 1442; x_wconf 83' lang='lat' dir='ltr'>virtutibus</span> <span class='ocrx_word' id='word_1_83' title='bbox 952 1396 1202 1457; x_wconf 86' lang='lat' dir='ltr'>operisque</span> <span class='ocrx_word' id='word_1_84' title='bbox 1216 1404 1351 1442; x_wconf 90' lang='lat' dir='ltr'>natus</span> <span class='ocrx_word' id='word_1_85' title='bbox 1369 1394 1455 1456; x_wconf 88' lang='lat' dir='ltr'>qui</span> <span class='ocrx_word' id='word_1_86' title='bbox 1470 1395 1546 1452; x_wconf 83' lang='lat' dir='ltr'>sit,</span> 
     </span>
     <span class='ocr_line' id='line_1_18' title="bbox 258 1468 1546 1531; baseline 0.002 -17"><span class='ocrx_word' id='word_1_87' title='bbox 258 1468 386 1514; x_wconf 85' lang='lat' dir='ltr'>Eum</span> <span class='ocrx_word' id='word_1_88' title='bbox 415 1468 614 1529; x_wconf 90' lang='lat' dir='ltr'>quidem</span> <span class='ocrx_word' id='word_1_89' title='bbox 645 1469 706 1513; x_wconf 88' lang='lat' dir='ltr'>ad</span> <span class='ocrx_word' id='word_1_90' title='bbox 743 1468 1029 1514; x_wconf 89' lang='lat' dir='ltr'>carnuficem</span> <span class='ocrx_word' id='word_1_91' title='bbox 1059 1481 1126 1514; x_wconf 87' lang='lat' dir='ltr'>est</span> <span class='ocrx_word' id='word_1_92' title='bbox 1150 1470 1375 1531; x_wconf 83' lang='lat' dir='ltr'>aequius,</span> <span class='ocrx_word' id='word_1_93' title='bbox 1401 1486 1546 1531; x_wconf 84' lang='lat' dir='ltr'>quam</span> 
     </span>
     <span class='ocr_line' id='line_1_19' title="bbox 515 1541 1132 1589; baseline 0.003 -2"><span class='ocrx_word' id='word_1_94' title='bbox 515 1542 577 1587; x_wconf 87' lang='lat' dir='ltr'>ad</span> <span class='ocrx_word' id='word_1_95' title='bbox 604 1541 843 1588; x_wconf 82' lang='lat' dir='ltr'>Venerem</span> <span class='ocrx_word' id='word_1_96' title='bbox 870 1558 1132 1589; x_wconf 88' lang='lat' dir='ltr'>conmeare.</span> 
     </span>
    </p>
   </div>
   <div class='ocr_carea' id='block_1_4' title="bbox 258 1635 1212 1827">
    <p class='ocr_par' dir='ltr' id='par_1_4' title="bbox 258 1635 1212 1827">
     <span class='ocr_line' id='line_1_20' title="bbox 617 1635 1212 1672; baseline 0.005 -5"><span class='ocrx_word' id='word_1_97' title='bbox 617 1635 648 1667; x_wconf 90' lang='lat' dir='ltr'>T</span> <span class='ocrx_word' id='word_1_98' title='bbox 685 1636 718 1668; x_wconf 88' lang='lat' dir='ltr'>R</span> <span class='ocrx_word' id='word_1_99' title='bbox 755 1636 790 1668; x_wconf 92' lang='lat' dir='ltr'>A</span> <span class='ocrx_word' id='word_1_100' title='bbox 829 1636 856 1668; x_wconf 95' lang='lat' dir='ltr'>C</span> <span class='ocrx_word' id='word_1_101' title='bbox 896 1636 930 1668; x_wconf 87' lang='lat' dir='ltr'>H</span> <span class='ocrx_word' id='word_1_102' title='bbox 969 1636 1004 1669; x_wconf 92' lang='lat' dir='ltr'>A</span> <span class='ocrx_word' id='word_1_103' title='bbox 1040 1636 1070 1670; x_wconf 84' lang='grc' dir='ltr'>Ῑ.</span> <span class='ocrx_word' id='word_1_104' title='bbox 1105 1636 1127 1672; x_wconf 81' lang='lat'>1</span> <span class='ocrx_word' id='word_1_105' title='bbox 1163 1637 1212 1671; x_wconf 81' lang='grc' dir='ltr'>Ο.</span> 
     </span>
     <span class='ocr_line' id='line_1_21' title="bbox 258 1695 821 1755; baseline 0 -12"><span class='ocrx_word' id='word_1_106' title='bbox 258 1695 326 1743; x_wconf 74' lang='lat' dir='ltr'>At</span> <span class='ocrx_word' id='word_1_107' title='bbox 353 1697 388 1742; x_wconf 88' lang='lat' dir='ltr'>si</span> <span class='ocrx_word' id='word_1_108' title='bbox 420 1695 598 1744; x_wconf 87' lang='lat' dir='ltr'>vidistis</span> <span class='ocrx_word' id='word_1_109' title='bbox 617 1732 630 1755; x_wconf 83' lang='lat'>‚</span> <span class='ocrx_word' id='word_1_110' title='bbox 666 1697 821 1744; x_wconf 85' lang='lat' dir='ltr'>dicite.</span> 
     </span>
     <span class='ocr_line' id='line_1_22' title="bbox 652 1793 1159 1827; baseline 0.002 -1"><span class='ocrx_word' id='word_1_111' title='bbox 652 1793 680 1826; x_wconf 88' lang='lat' dir='ltr'>P</span> <span class='ocrx_word' id='word_1_112' title='bbox 717 1794 737 1826; x_wconf 94' lang='lat' dir='ltr'>I</span> <span class='ocrx_word' id='word_1_113' title='bbox 776 1794 797 1827; x_wconf 91' lang='lat' dir='ltr'>S</span> <span class='ocrx_word' id='word_1_114' title='bbox 837 1793 864 1825; x_wconf 92' lang='lat' dir='ltr'>C</span> <span class='ocrx_word' id='word_1_115' title='bbox 903 1793 936 1826; x_wconf 89' lang='lat' dir='ltr'>A</span> <span class='ocrx_word' id='word_1_116' title='bbox 975 1794 1007 1826; x_wconf 91' lang='lat' dir='ltr'>T</span> <span class='ocrx_word' id='word_1_117' title='bbox 1043 1794 1075 1827; x_wconf 92' lang='grc' dir='ltr'><strong>Ο</strong></span> <span class='ocrx_word' id='word_1_118' title='bbox 1111 1795 1159 1827; x_wconf 83' lang='lat' dir='ltr'>R·</span> 
     </span>
    </p>
   </div>
   <div class='ocr_carea' id='block_1_5' title="bbox 263 1853 1548 2030">
    <p class='ocr_par' dir='ltr' id='par_1_5' title="bbox 263 1853 1548 2030">
     <span class='ocr_line' id='line_1_23' title="bbox 834 1853 1548 1915; baseline 0 -16"><span class='ocrx_word' id='word_1_119' title='bbox 834 1853 946 1899; x_wconf 92' lang='lat' dir='ltr'>Huc</span> <span class='ocrx_word' id='word_1_120' title='bbox 973 1853 1191 1915; x_wconf 87' lang='lat' dir='ltr'>profecto</span> <span class='ocrx_word' id='word_1_121' title='bbox 1222 1855 1382 1900; x_wconf 90' lang='lat' dir='ltr'>nullus</span> <span class='ocrx_word' id='word_1_122' title='bbox 1403 1853 1548 1905; x_wconf 88' lang='lat' dir='ltr'>venit.</span> 
     </span>
     <span class='ocr_line' id='line_1_24' title="bbox 263 1918 408 1967; baseline -0.021 0"><span class='ocrx_word' id='word_1_123' title='bbox 263 1918 408 1967; x_wconf 80' lang='lat' dir='ltr'>Vale!</span> 
     </span>
     <span class='ocr_line' id='line_1_25' title="bbox 623 1994 1219 2030; baseline 0.005 -3"><span class='ocrx_word' id='word_1_124' title='bbox 623 1994 655 2027; x_wconf 85' lang='grc' dir='ltr'><strong>Τ</strong></span> <span class='ocrx_word' id='word_1_125' title='bbox 692 1996 725 2028; x_wconf 86' lang='lat' dir='ltr'>R</span> <span class='ocrx_word' id='word_1_126' title='bbox 761 1994 795 2027; x_wconf 88' lang='lat' dir='ltr'>A</span> <span class='ocrx_word' id='word_1_127' title='bbox 832 1995 859 2028; x_wconf 92' lang='lat' dir='ltr'>c</span> <span class='ocrx_word' id='word_1_128' title='bbox 900 1996 934 2028; x_wconf 83' lang='lat' dir='ltr'>H</span> <span class='ocrx_word' id='word_1_129' title='bbox 972 1996 1006 2029; x_wconf 89' lang='lat' dir='ltr'>A</span> <span class='ocrx_word' id='word_1_130' title='bbox 1044 1996 1074 2029; x_wconf 86' lang='lat' dir='ltr'>L</span> <span class='ocrx_word' id='word_1_131' title='bbox 1109 1996 1130 2029; x_wconf 92' lang='lat'>1</span> <span class='ocrx_word' id='word_1_132' title='bbox 1169 1996 1219 2030; x_wconf 91' lang='grc' dir='ltr'>ο.</span> 
     </span>
    </p>
   </div>
   <div class='ocr_carea' id='block_1_6' title="bbox 264 2055 1548 2465">
    <p class='ocr_par' dir='ltr' id='par_1_6' title="bbox 357 2055 1544 2119">
     <span class='ocr_line' id='line_1_26' title="bbox 357 2055 1544 2119; baseline 0 -17"><span class='ocrx_word' id='word_1_133' title='bbox 357 2055 551 2102; x_wconf 86' lang='lat' dir='ltr'>Valete!</span> <span class='ocrx_word' id='word_1_134' title='bbox 574 2055 779 2105; x_wconf 85' lang='lat' dir='ltr'>credidi:</span> <span class='ocrx_word' id='word_1_135' title='bbox 813 2055 992 2103; x_wconf 84' lang='lat' dir='ltr'>factum</span> <span class='ocrx_word' id='word_1_136' title='bbox 1009 2058 1087 2115; x_wconf 83' lang='lat' dir='ltr'>’st,</span> <span class='ocrx_word' id='word_1_137' title='bbox 1109 2056 1248 2118; x_wconf 91' lang='lat' dir='ltr'>quod</span> <span class='ocrx_word' id='word_1_138' title='bbox 1273 2056 1544 2119; x_wconf 83' lang='lat' dir='ltr'>suspicabar.</span> 
     </span>
    </p>

    <p class='ocr_par' dir='ltr' id='par_1_7' title="bbox 264 2129 1548 2259">
     <span class='ocr_line' id='line_1_27' title="bbox 264 2129 1548 2181; baseline -0.002 -6"><span class='ocrx_word' id='word_1_139' title='bbox 264 2130 388 2178; x_wconf 86' lang='lat' dir='ltr'>Data</span> <span class='ocrx_word' id='word_1_140' title='bbox 422 2130 566 2175; x_wconf 84' lang='lat' dir='ltr'>verba</span> <span class='ocrx_word' id='word_1_141' title='bbox 595 2129 710 2174; x_wconf 92' lang='lat' dir='ltr'>hero</span> <span class='ocrx_word' id='word_1_142' title='bbox 742 2141 882 2181; x_wconf 89' lang='lat' dir='ltr'>sunt;</span> <span class='ocrx_word' id='word_1_143' title='bbox 922 2131 1034 2175; x_wconf 90' lang='lat' dir='ltr'>leno</span> <span class='ocrx_word' id='word_1_144' title='bbox 1073 2129 1188 2176; x_wconf 88' lang='lat' dir='ltr'>abiit</span> <span class='ocrx_word' id='word_1_145' title='bbox 1217 2130 1429 2176; x_wconf 85' lang='lat' dir='ltr'>scelestus</span> <span class='ocrx_word' id='word_1_146' title='bbox 1464 2143 1548 2173; x_wconf 85' lang='lat' dir='ltr'>ex-</span> 
     </span>
     <span class='ocr_line' id='line_1_28' title="bbox 522 2202 762 2259; baseline 0.008 -13"><span class='ocrx_word' id='word_1_147' title='bbox 522 2202 728 2247; x_wconf 87' lang='lat' dir='ltr'>sulatum</span> <span class='ocrx_word' id='word_1_148' title='bbox 748 2237 762 2259; x_wconf 83' lang='lat'>,</span> 
     </span>
    </p>

    <p class='ocr_par' dir='ltr' id='par_1_8' title="bbox 266 2271 1543 2333">
     <span class='ocr_line' id='line_1_29' title="bbox 266 2271 1543 2333; baseline 0 -13"><span class='ocrx_word' id='word_1_149' title='bbox 266 2274 327 2320; x_wconf 90' lang='lat' dir='ltr'>In</span> <span class='ocrx_word' id='word_1_150' title='bbox 345 2290 516 2319; x_wconf 86' lang='lat' dir='ltr'>navem</span> <span class='ocrx_word' id='word_1_151' title='bbox 539 2274 750 2319; x_wconf 89' lang='lat' dir='ltr'>ascendit</span> <span class='ocrx_word' id='word_1_152' title='bbox 765 2308 779 2330; x_wconf 80' lang='lat'>‚</span> <span class='ocrx_word' id='word_1_153' title='bbox 797 2273 1017 2320; x_wconf 90' lang='lat' dir='ltr'>mulieres</span> <span class='ocrx_word' id='word_1_154' title='bbox 1033 2273 1191 2319; x_wconf 86' lang='lat' dir='ltr'>avexit</span> <span class='ocrx_word' id='word_1_155' title='bbox 1198 2290 1216 2333; x_wconf 67' lang='lat'>,-</span> <span class='ocrx_word' id='word_1_156' title='bbox 1242 2271 1409 2316; x_wconf 89' lang='lat' dir='ltr'>ariolus</span> <span class='ocrx_word' id='word_1_157' title='bbox 1425 2288 1543 2320; x_wconf 89' lang='lat' dir='ltr'>sum.</span> 
     </span>
    </p>

    <p class='ocr_par' dir='ltr' id='par_1_9' title="bbox 268 2342 1547 2465">
     <span class='ocr_line' id='line_1_30' title="bbox 268 2342 1547 2408; baseline -0.002 -15"><span class='ocrx_word' id='word_1_158' title='bbox 268 2346 312 2393; x_wconf 83' lang='lat' dir='ltr'>ls</span> <span class='ocrx_word' id='word_1_159' title='bbox 341 2347 435 2393; x_wconf 90' lang='lat' dir='ltr'>huc</span> <span class='ocrx_word' id='word_1_160' title='bbox 462 2346 631 2392; x_wconf 88' lang='lat' dir='ltr'>herum</span> <span class='ocrx_word' id='word_1_161' title='bbox 662 2346 891 2392; x_wconf 85' lang='lat' dir='ltr'>etiamad</span> <span class='ocrx_word' id='word_1_162' title='bbox 915 2344 1169 2408; x_wconf 89' lang='lat' dir='ltr'>prandium</span> <span class='ocrx_word' id='word_1_163' title='bbox 1195 2342 1380 2390; x_wconf 83' lang='lat' dir='ltr'>vocavit</span> <span class='ocrx_word' id='word_1_164' title='bbox 1405 2346 1547 2391; x_wconf 89' lang='lat' dir='ltr'>scele-</span> 
     </span>
     <span class='ocr_line' id='line_1_31' title="bbox 522 2435 782 2465; baseline 0 0"><span class='ocrx_word' id='word_1_165' title='bbox 522 2436 579 2465; x_wconf 88' lang='lat' dir='ltr'>r1s</span> <span class='ocrx_word' id='word_1_166' title='bbox 610 2435 782 2465; x_wconf 88' lang='lat' dir='ltr'>semen.</span> 
     </span>
    </p>
   </div>
  </div>
 </body>
</html>
