1598 2814
91 176 225 222 ψῃ
364 155 634 205 ACTUS
686 155 784 203 1v.
840 155 942 204 sc,
995 157 1116 203 111.
1282 170 1375 218 575

94 269 208 317 Non
226 267 397 315 vinum
424 265 700 311 horninibus
725 262 963 310 moderari
982 298 996 321 ‚
1026 263 1110 310 sed
1138 263 1253 310 vino
1290 263 1379 308 ho-

352 338 502 383 mines
527 337 708 392 solent,

78 414 192 484 rQui
222 412 425 474 quidem
458 409 600 472 probi
627 419 762 454 sunt:
794 425 993 467 verum,
1036 408 1122 469 qui
1150 407 1382 470 inprobus

346 495 444 542 est,
468 484 565 531 sive
584 482 826 540 subbibit,

87 557 195 606 Sive
234 556 353 603 adeo
391 567 516 602 caret
547 566 763 614 temeto,
799 567 960 602 tamen
992 555 1093 602 ab
1081 554 1274 619 ingenio
1309 566 1378 602 est

352 630 596 693 inprobus.

446 717 483 749 D
522 716 543 750 1
577 715 611 748 N
648 714 683 747 A
721 715 755 748 R
789 714 818 747 c
853 714 890 747 Η
922 714 958 747 U
993 714 1030 748 s.

84 777 193 828 Scio
228 777 486 840 equidem;
511 792 634 838 quae
651 776 795 833 nole,
824 776 976 821 multa
998 776 1119 822 mihi
1136 778 1372 827 audienda

347 853 413 899 ob
446 851 655 897 noxiam.

86 926 188 991 Ego
213 926 303 974 tibi
324 942 405 972 me
440 924 710 973 obnoxium
741 940 834 970 esse
858 923 1034 982 fateor,
1060 920 1227 988 culpae
1257 943 1373 975 con..

342 1011 524 1062 potem.

510 1081 954 1117 ANGILLA.

75 1143 321 1203 Callicles,
354 1144 467 1192 vide
484 1178 500 1202 ,
530 1160 732 1205 quaeso,
761 1144 947 1190 homini
975 1159 1037 1191 ne
1071 1144 1206 1192 facias
1243 1148 1369 1213 inju-

339 1219 471 1274 tiam.

82 1291 210 1339 Reus
226 1293 409 1339 solutus
421 1309 628 1339 caussam
646 1293 782 1339 dicit:
813 1304 950 1338 testes
966 1293 1152 1340 vinctos
1173 1295 1369 1343 adtines.

446 1386 475 1417 c
513 1385 548 1417 Α
581 1385 612 1417 1.
650 1385 681 1417 L
718 1386 739 1417 1
777 1386 805 1418 c
842 1386 872 1418 1.
908 1386 938 1418 Ε
973 1385 1012 1419 s.

80 1442 259 1490 Solvite
287 1443 403 1488 istas.
439 1444 588 1506 agite,
621 1445 771 1502 abite,
799 1456 854 1490 tu
885 1445 1117 1504 domum,
1145 1459 1193 1494 et
1212 1459 1367 1495 tuau-

342 1527 441 1562 tem
472 1516 706 1563 domum:

81 1589 320 1650 Eloquere
351 1589 467 1635 haec
502 1588 640 1634 herae
674 1600 813 1635 tuae:
848 1605 1055 1652 puerum
1089 1565 1259 1638 reddat
1277 1627 1292 1651 ,
1328 1594 1364 1640 si

333 1663 439 1722 quis
460 1677 575 1707 eum
604 1673 747 1724 petat.

78 1732 284 1791 Eamus3
310 1744 393 1790 tu,
425 1733 477 1778 in
497 1734 588 1798 jus.

429 1820 466 1851 D
501 1819 521 1851 1
558 1820 592 1852 Ν
630 1819 666 1851 Α
702 1819 736 1852 R
774 1819 802 1851 c
841 1820 876 1852 Η
911 1820 947 1852 U
984 1820 1022 1855 s.

251 1878 389 1947 Quid
409 1878 477 1924 vis
495 1878 634 1941 injus
655 1894 735 1923 me
757 1878 856 1925 ire?
878 1890 935 1925 tu
953 1897 998 1925 es
1018 1881 1214 1927 Praetor
1229 1884 1359 1928 mihi.

79 1947 262 2000 Verum
276 1961 327 1995 te
342 1950 561 2008 obsecro,
583 1962 639 1996 ut
653 1962 786 1996 tuam
804 1965 994 2015 gnatam
1013 1954 1095 1999 des
1110 1954 1228 1999 mihi
1241 1971 1361 2003 uxo-

333 2039 466 2082 rem,
501 2025 721 2070 Callicles.

435 2109 463 2141 c
499 2110 535 2142 A
570 2109 601 2142 1.
640 2110 671 2142 L
711 2112 733 2143 1
770 2112 797 2144 c
835 2113 866 2145 1.
902 2113 933 2144 Ε
969 2112 1007 2145 s,

74 2167 314 2215 Eumdem
339 2171 426 2230 pol
453 2181 500 2215 te
521 2170 750 2233 judicasse
771 2173 970 2234 quidem
1000 2174 1132 2220 istam
1161 2192 1263 2223 rem
1285 2177 1360 2223 in-

331 2241 532 2305 tellego:

76 2310 202 2359 Nam
228 2313 360 2360 haud
379 2316 613 2372 mansisti,
636 2316 756 2364 dum
778 2335 866 2383 ego
893 2320 1051 2371 darem
1074 2323 1223 2371 illam:
1254 2335 1357 2372 tute

328 2387 527 2434 sumsisti
536 2380 658 2436 fflbi.
