1630 2866
183 198 274 256 ‘248
602 191 1036 251 RUDENS.
1338 206 1472 260 ΜΖ

182 313 322 381 Quae
358 308 475 374 mihi
505 317 572 353 est
606 323 734 368 spes,
769 321 865 366 qua
895 322 974 351 me
1004 305 1173 351 vivere
1207 305 1385 352 velim?

183 386 284 433 Nec
311 385 404 430 loci
449 399 585 447 gnara
617 398 752 438 sum,
792 396 881 426 nec
909 379 994 425 diu
1018 381 1093 425 hic
1123 380 1207 426 fui.

183 458 358 505 Saltem
383 457 593 516 aliquem
625 455 798 510 velim,
827 453 911 514 qui
944 453 1061 498 mihi
1093 453 1246 501 exhis
1279 453 1395 499 locis

183 531 283 577 Aut
310 530 435 575 viam
464 540 546 574 aut
567 528 783 573 semitam
805 537 1064 571 monstret:
1104 527 1169 572 ita
1189 541 1318 572 nunc
1349 527 1436 571 hac

183 603 261 649 An
291 603 394 648 illac
427 618 560 658 eam,
594 601 770 646 incerta
805 616 912 645 sum
944 600 1130 645 consili:

182 677 283 723 Nec
315 692 465 738 prope
500 691 701 735 usquam
737 674 813 720 hic
849 674 1050 735 quidem
1089 674 1278 720 cultum
1306 689 1467 738 agrurn

443 767 702 813 consprcor.

183 825 331 891 Algor
349 861 363 883 ‚
397 842 547 882 error,
587 842 731 887 pavor
760 826 976 872 membra
1005 825 1164 871 omnia
1191 835 1370 870 tenent.

184 901 316 947 Haec
341 910 554 961 parentes
585 899 714 944 haud
744 899 840 944 mei
866 900 985 945 scitis
1011 899 1194 956 miseri,

184 975 267 1021 Me
303 991 432 1020 nunc
465 974 682 1019 miseram
706 973 768 1017 ita
799 990 919 1030 esse,
948 973 1020 1019 uti
1052 990 1169 1018 sum.
1203 971 1348 1017 libera
1383 987 1472 1035 ego

184 1045 518 1110 Prognata'fui
545 1061 795 1094 maxume;
827 1046 1161 1105 nequidquam
1194 1045 1273 1090 fui.

183 1120 328 1178 ‘Nunc
349 1119 433 1179 qui
450 1118 604 1162 minus
622 1116 788 1172 servio,
806 1133 951 1176 quam
964 1119 999 1161 si
1018 1117 1167 1162 forem
1184 1133 1313 1162 serva
1325 1126 1432 1160 nata
1448 1115 1470 1160 ?

187 1191 361 1254 Neque
385 1189 649 1251 quidquam
671 1203 905 1246 umquam
922 1188 975 1234 iis
994 1187 1178 1250 profui,
1198 1188 1285 1249 qui
1308 1203 1387 1232 me
1411 1186 1470 1231 si-

306 1263 310 1266 ’
449 1260 500 1307 bi
525 1260 812 1306 eduxerunt.

578 1406 908 1454 SCENA
982 1406 1094 1452 IV.

254 1539 800 1578 AMPELISGA‚
872 1535 1429 1578 PALAESTRA.‘

547 1672 1134 1708 AMPELISCA.

191 1727 346 1892 Ωιτ
355 1805 423 1838 ID
454 1791 573 1847 mihi
597 1790 747 1836 meliu
768 1790 847 1842 ’st‚
875 1784 995 1846 quid
1013 1784 1155 1848 magis
1178 1783 1228 1828 in
1249 1798 1349 1829 rem
1374 1792 1468 1840 est,

489 1879 635 1925 quam
661 1875 857 1922 corpore
888 1857 1035 1902 vitam
1063 1854 1336 1901 secludam?

190 1941 261 1986 Ita
278 1940 401 1985 male
421 1938 532 1983 vivo
546 1970 559 1993 ‚
592 1946 736 1996 atque
764 1933 828 1977 ita
851 1930 969 1974 mihi
996 1930 1175 1975 multae
1198 1929 1250 1974 in
1273 1938 1466 1989 pectore

442 2021 549 2056 sunt
582 2024 719 2053 curae
750 2005 1043 2052 exanimales.

187 2082 331 2129 Nunc
358 2082 469 2127 dein
490 2082 612 2126 vitae
638 2077 767 2124 haud
791 2093 957 2138 parco:
988 2073 1176 2137 perdidi
1194 2088 1354 2133 spem,
1374 2087 1467 2131 qua

442 2170 522 2199 me
555 2151 863 2198 oblectabam.
1395 2168 1400 2172 -

192 2219 369 2277 Omnia
387 2230 489 2293 jam
515 2223 901 2280 circumcursavi‚
920 2234 1063 2283 atque
1090 2216 1311 2268 omnibus
1333 2213 1383 2258 in
1399 2212 1466 2257 la-

438 2301 580 2348 tebris
610 2297 876 2360 perreptavi

188 2376 425 2444 Quaerere
456 2388 728 2419 conservam
757 2385 907 2427 voce,
938 2366 1113 2423 ocuIiS,
1151 2359 1370 2407 auribus:
1405 2368 1461 2404 ut

436 2455 814 2508 pervesttgarem.
