<?xml version="1.0" encoding="UTF-8"?>
<!DOCTYPE html PUBLIC "-//W3C//DTD XHTML 1.0 Transitional//EN"
    "http://www.w3.org/TR/xhtml1/DTD/xhtml1-transitional.dtd">
<html xmlns="http://www.w3.org/1999/xhtml" xml:lang="en" lang="en">
 <head>
  <title>
</title>
<meta http-equiv="Content-Type" content="text/html;charset=utf-8" />
  <meta name='ocr-system' content='tesseract 3.04.00' />
  <meta name='ocr-capabilities' content='ocr_page ocr_carea ocr_par ocr_line ocrx_word'/>
</head>
<body>
  <div class='ocr_page' id='page_1' title='image "./comoediaesuperst03plauuoft_0280.png"; bbox 0 0 1630 2866; ppageno 0'>
   <div class='ocr_carea' id='block_1_1' title="bbox 242 175 1548 234">
    <p class='ocr_par' dir='ltr' id='par_1_1' title="bbox 242 175 1548 234">
     <span class='ocr_line' id='line_1_1' title="bbox 242 175 1548 234; baseline 0.008 -12"><span class='ocrx_word' id='word_1_1' title='bbox 242 180 331 232; x_wconf 72' lang='lat'>9&#39;74</span> <span class='ocrx_word' id='word_1_2' title='bbox 662 175 705 223; x_wconf 89' lang='lat' dir='ltr'>R</span> <span class='ocrx_word' id='word_1_3' title='bbox 741 175 782 224; x_wconf 89' lang='lat' dir='ltr'>U</span> <span class='ocrx_word' id='word_1_4' title='bbox 813 177 860 224; x_wconf 93' lang='lat' dir='ltr'>D</span> <span class='ocrx_word' id='word_1_5' title='bbox 897 178 938 226; x_wconf 91' lang='lat' dir='ltr'>E</span> <span class='ocrx_word' id='word_1_6' title='bbox 971 179 1017 227; x_wconf 93' lang='lat' dir='ltr'>N</span> <span class='ocrx_word' id='word_1_7' title='bbox 1050 179 1094 228; x_wconf 89' lang='lat' dir='ltr'><strong>S.</strong></span> <span class='ocrx_word' id='word_1_8' title='bbox 1426 189 1470 234; x_wconf 69' lang='grc' dir='ltr'><strong>νζ</strong></span> <span class='ocrx_word' id='word_1_9' title='bbox 1494 185 1548 233; x_wconf 83' lang='grc'><strong>8-’</strong></span> 
     </span>
    </p>
   </div>
   <div class='ocr_carea' id='block_1_2' title="bbox 235 281 1523 710">
    <p class='ocr_par' dir='ltr' id='par_1_2' title="bbox 235 281 1523 710">
     <span class='ocr_line' id='line_1_2' title="bbox 237 281 1523 351; baseline 0.007 -24"><span class='ocrx_word' id='word_1_10' title='bbox 237 281 329 328; x_wconf 91' lang='lat' dir='ltr'><strong>Vel</strong></span> <span class='ocrx_word' id='word_1_11' title='bbox 356 297 444 346; x_wconf 88' lang='lat' dir='ltr'><strong>ego</strong></span> <span class='ocrx_word' id='word_1_12' title='bbox 468 296 621 327; x_wconf 81' lang='lat' dir='ltr'><strong>amare</strong></span> <span class='ocrx_word' id='word_1_13' title='bbox 648 282 872 330; x_wconf 83' lang='lat' dir='ltr'><strong>utramvis</strong></span> <span class='ocrx_word' id='word_1_14' title='bbox 895 283 1098 345; x_wconf 84' lang='lat' dir='ltr'><strong>possim,</strong></span> <span class='ocrx_word' id='word_1_15' title='bbox 1122 285 1159 334; x_wconf 80' lang='lat' dir='ltr'><strong>si</strong></span> <span class='ocrx_word' id='word_1_16' title='bbox 1185 287 1340 350; x_wconf 83' lang='lat' dir='ltr'>probe</span> <span class='ocrx_word' id='word_1_17' title='bbox 1371 305 1523 351; x_wconf 65' lang='lat' dir='ltr'><strong>appo-g</strong></span> 
     </span>
     <span class='ocr_line' id='line_1_3' title="bbox 488 366 717 400; baseline 0 -1"><span class='ocrx_word' id='word_1_18' title='bbox 488 366 564 400; x_wconf 74' lang='lat' dir='ltr'><strong>tus</strong></span> <span class='ocrx_word' id='word_1_19' title='bbox 592 371 717 400; x_wconf 71' lang='grc' dir='ltr'><strong>5161Ϊὶ-</strong></span> 
     </span>
     <span class='ocr_line' id='line_1_4' title="bbox 681 441 1090 478; baseline 0.007 -4"><span class='ocrx_word' id='word_1_20' title='bbox 681 442 723 475; x_wconf 82' lang='lat'><strong>·1.</strong></span> <span class='ocrx_word' id='word_1_21' title='bbox 760 441 796 475; x_wconf 91' lang='lat' dir='ltr'>A</span> <span class='ocrx_word' id='word_1_22' title='bbox 833 443 862 475; x_wconf 91' lang='lat' dir='ltr'>B</span> <span class='ocrx_word' id='word_1_23' title='bbox 898 443 934 477; x_wconf 81' lang='lat' dir='ltr'>R</span> <span class='ocrx_word' id='word_1_24' title='bbox 969 442 1006 476; x_wconf 91' lang='lat' dir='ltr'>A</span> <span class='ocrx_word' id='word_1_25' title='bbox 1039 442 1090 478; x_wconf 85' lang='lat' dir='ltr'><strong>X.</strong></span> 
     </span>
     <span class='ocr_line' id='line_1_5' title="bbox 235 498 707 563; baseline 0.002 -16"><span class='ocrx_word' id='word_1_26' title='bbox 235 498 423 563; x_wconf 85' lang='lat' dir='ltr'><strong>Nempe</strong></span> <span class='ocrx_word' id='word_1_27' title='bbox 451 501 676 563; x_wconf 83' lang='lat' dir='ltr'><strong>puellae?</strong></span> <span class='ocrx_word' id='word_1_28' title='bbox 700 527 707 530; x_wconf 47' lang='lat'><strong>⁴</strong></span> 
     </span>
     <span class='ocr_line' id='line_1_6' title="bbox 593 587 1166 625; baseline 0.009 -5"><span class='ocrx_word' id='word_1_29' title='bbox 593 587 617 621; x_wconf 92' lang='lat' dir='ltr'><strong>s</strong></span> <span class='ocrx_word' id='word_1_30' title='bbox 657 587 684 620; x_wconf 88' lang='lat' dir='ltr'><strong>c</strong></span> <span class='ocrx_word' id='word_1_31' title='bbox 722 587 752 620; x_wconf 83' lang='lat' dir='ltr'><strong>E</strong></span> <span class='ocrx_word' id='word_1_32' title='bbox 787 588 816 622; x_wconf 80' lang='grc' dir='ltr'>Ρ</span> <span class='ocrx_word' id='word_1_33' title='bbox 851 588 887 623; x_wconf 90' lang='lat' dir='ltr'>A</span> <span class='ocrx_word' id='word_1_34' title='bbox 922 589 1023 623; x_wconf 65' lang='lat' dir='ltr'><strong>RN</strong></span> <span class='ocrx_word' id='word_1_35' title='bbox 1058 590 1081 624; x_wconf 95' lang='lat'>1</span> <span class='ocrx_word' id='word_1_36' title='bbox 1116 590 1166 625; x_wconf 92' lang='lat' dir='ltr'><strong>o.</strong></span> 
     </span>
     <span class='ocr_line' id='line_1_7' title="bbox 568 646 1517 710; baseline 0.01 -18"><span class='ocrx_word' id='word_1_37' title='bbox 568 646 758 709; x_wconf 87' lang='lat' dir='ltr'><strong>Nempe</strong></span> <span class='ocrx_word' id='word_1_38' title='bbox 785 651 1010 697; x_wconf 87' lang='lat' dir='ltr'><strong>molestus</strong></span> <span class='ocrx_word' id='word_1_39' title='bbox 1041 667 1110 698; x_wconf 88' lang='lat' dir='ltr'><strong>es·</strong></span> <span class='ocrx_word' id='word_1_40' title='bbox 1143 649 1268 710; x_wconf 80' lang='lat' dir='ltr'><strong>vise,</strong></span> <span class='ocrx_word' id='word_1_41' title='bbox 1299 651 1337 697; x_wconf 86' lang='lat' dir='ltr'><strong>si</strong></span> <span class='ocrx_word' id='word_1_42' title='bbox 1365 651 1517 700; x_wconf 86' lang='lat' dir='ltr'><strong>lubet.</strong></span> 
     </span>
    </p>
   </div>
   <div class='ocr_carea' id='block_1_3' title="bbox 686 743 1086 779">
    <p class='ocr_par' dir='ltr' id='par_1_3' title="bbox 686 743 1086 779">
     <span class='ocr_line' id='line_1_8' title="bbox 686 743 1086 779; baseline 0.008 -3"><span class='ocrx_word' id='word_1_43' title='bbox 686 743 1086 779; x_wconf 81' lang='lat' dir='ltr'>LABRAX.</span> 
     </span>
    </p>
   </div>
   <div class='ocr_carea' id='block_1_4' title="bbox 233 768 1541 1000">
    <p class='ocr_par' dir='ltr' id='par_1_4' title="bbox 233 768 1541 1000">
     <span class='ocr_line' id='line_1_9' title="bbox 233 768 1520 867; baseline 0.005 -18"><span class='ocrx_word' id='word_1_44' title='bbox 233 768 361 850; x_wconf 88' lang='lat' dir='ltr'><strong>Meas</strong></span> <span class='ocrx_word' id='word_1_45' title='bbox 395 813 586 866; x_wconf 82' lang='lat' dir='ltr'><strong>oportet</strong></span> <span class='ocrx_word' id='word_1_46' title='bbox 608 802 736 852; x_wconf 87' lang='lat' dir='ltr'><strong>intus</strong></span> <span class='ocrx_word' id='word_1_47' title='bbox 765 822 859 854; x_wconf 88' lang='lat' dir='ltr'><strong>esse</strong></span> <span class='ocrx_word' id='word_1_48' title='bbox 893 806 971 854; x_wconf 90' lang='lat' dir='ltr'><strong>hic</strong></span> <span class='ocrx_word' id='word_1_49' title='bbox 1001 807 1248 867; x_wconf 76' lang='lat' dir='ltr'><strong>mulieres,</strong></span> <span class='ocrx_word' id='word_1_50' title='bbox 1281 807 1350 855; x_wconf 89' lang='lat' dir='ltr'><strong>mi</strong></span> <span class='ocrx_word' id='word_1_51' title='bbox 1374 807 1520 856; x_wconf 83' lang='lat' dir='ltr'>Char-</span> 
     </span>
     <span class='ocr_line' id='line_1_10' title="bbox 483 874 1541 922; baseline 0.006 -1"><span class='ocrx_word' id='word_1_52' title='bbox 483 874 648 922; x_wconf 82' lang='lat' dir='ltr'><strong>mideS.</strong></span> <span class='ocrx_word' id='word_1_53' title='bbox 1536 899 1541 903; x_wconf 93' lang='lat'>·</span> 
     </span>
     <span class='ocr_line' id='line_1_11' title="bbox 590 960 1182 1000; baseline 0.01 -6"><span class='ocrx_word' id='word_1_54' title='bbox 590 963 616 994; x_wconf 90' lang='lat' dir='ltr'>c</span> <span class='ocrx_word' id='word_1_55' title='bbox 655 960 690 994; x_wconf 81' lang='grc' dir='ltr'>Η</span> <span class='ocrx_word' id='word_1_56' title='bbox 725 960 759 994; x_wconf 84' lang='grc' dir='ltr'><strong>Α</strong></span> <span class='ocrx_word' id='word_1_57' title='bbox 795 963 828 996; x_wconf 83' lang='lat' dir='ltr'>R</span> <span class='ocrx_word' id='word_1_58' title='bbox 864 962 909 995; x_wconf 90' lang='lat' dir='ltr'>M</span> <span class='ocrx_word' id='word_1_59' title='bbox 948 963 969 996; x_wconf 95' lang='lat'>1</span> <span class='ocrx_word' id='word_1_60' title='bbox 1004 965 1040 998; x_wconf 85' lang='lat' dir='ltr'><strong>D</strong></span> <span class='ocrx_word' id='word_1_61' title='bbox 1075 964 1107 998; x_wconf 82' lang='grc' dir='ltr'><strong>Ε</strong></span> <span class='ocrx_word' id='word_1_62' title='bbox 1144 964 1182 1000; x_wconf 91' lang='lat' dir='ltr'><strong>s.</strong></span> 
     </span>
    </p>
   </div>
   <div class='ocr_carea' id='block_1_5' title="bbox 225 1021 1587 1089">
    <p class='ocr_par' dir='ltr' id='par_1_5' title="bbox 225 1021 1587 1089">
     <span class='ocr_line' id='line_1_12' title="bbox 225 1021 1587 1089; baseline 0.005 -21"><span class='ocrx_word' id='word_1_63' title='bbox 225 1022 451 1084; x_wconf 78' lang='lat' dir='ltr'><strong>Juppiter</strong></span> <span class='ocrx_word' id='word_1_64' title='bbox 480 1031 527 1066; x_wconf 87' lang='lat' dir='ltr'><strong>te</strong></span> <span class='ocrx_word' id='word_1_65' title='bbox 564 1021 764 1081; x_wconf 83' lang='lat' dir='ltr'><strong>perdat,</strong></span> <span class='ocrx_word' id='word_1_66' title='bbox 801 1033 850 1067; x_wconf 87' lang='lat' dir='ltr'><strong>et</strong></span> <span class='ocrx_word' id='word_1_67' title='bbox 880 1022 917 1068; x_wconf 90' lang='lat' dir='ltr'><strong>si</strong></span> <span class='ocrx_word' id='word_1_68' title='bbox 945 1034 1085 1082; x_wconf 83' lang='lat' dir='ltr'><strong>sunt,</strong></span> <span class='ocrx_word' id='word_1_69' title='bbox 1123 1035 1172 1071; x_wconf 92' lang='lat' dir='ltr'><strong>et</strong></span> <span class='ocrx_word' id='word_1_70' title='bbox 1197 1025 1234 1071; x_wconf 91' lang='lat' dir='ltr'><strong>si</strong></span> <span class='ocrx_word' id='word_1_71' title='bbox 1268 1041 1372 1073; x_wconf 89' lang='lat' dir='ltr'><strong>non</strong></span> <span class='ocrx_word' id='word_1_72' title='bbox 1399 1037 1513 1075; x_wconf 81' lang='lat' dir='ltr'><strong>sunt</strong></span> <span class='ocrx_word' id='word_1_73' title='bbox 1581 1082 1587 1089; x_wconf 35' lang='grc' dir='ltr'>ι</span> 
     </span>
    </p>
   </div>
   <div class='ocr_carea' id='block_1_6' title="bbox 228 1103 1330 1300">
    <p class='ocr_par' dir='ltr' id='par_1_6' title="bbox 228 1103 1330 1300">
     <span class='ocr_line' id='line_1_13' title="bbox 482 1103 655 1138; baseline -0.012 0"><span class='ocrx_word' id='word_1_74' title='bbox 482 1103 655 1138; x_wconf 86' lang='lat' dir='ltr'><strong>tamen.</strong></span> 
     </span>
     <span class='ocr_line' id='line_1_14' title="bbox 260 1177 1082 1224; baseline 0.01 -18"><span class='ocrx_word' id='word_1_75' title='bbox 260 1221 264 1224; x_wconf 23' lang='grc' dir='ltr'>Ι</span> <span class='ocrx_word' id='word_1_76' title='bbox 684 1177 715 1210; x_wconf 83' lang='lat' dir='ltr'>L</span> <span class='ocrx_word' id='word_1_77' title='bbox 753 1178 787 1211; x_wconf 88' lang='lat' dir='ltr'>A</span> <span class='ocrx_word' id='word_1_78' title='bbox 823 1179 853 1212; x_wconf 85' lang='grc' dir='ltr'><strong>Β</strong></span> <span class='ocrx_word' id='word_1_79' title='bbox 890 1179 925 1213; x_wconf 82' lang='lat' dir='ltr'>R</span> <span class='ocrx_word' id='word_1_80' title='bbox 959 1178 994 1213; x_wconf 88' lang='lat' dir='ltr'>A</span> <span class='ocrx_word' id='word_1_81' title='bbox 1030 1180 1082 1214; x_wconf 82' lang='lat' dir='ltr'><strong>X.</strong></span> 
     </span>
     <span class='ocr_line' id='line_1_15' title="bbox 228 1237 1330 1300; baseline 0.005 -16"><span class='ocrx_word' id='word_1_82' title='bbox 228 1239 360 1284; x_wconf 86' lang='lat' dir='ltr'><strong>Intro</strong></span> <span class='ocrx_word' id='word_1_83' title='bbox 388 1253 611 1299; x_wconf 81' lang='lat' dir='ltr'>rumpam</span> <span class='ocrx_word' id='word_1_84' title='bbox 622 1237 724 1300; x_wconf 87' lang='lat' dir='ltr'><strong>jam</strong></span> <span class='ocrx_word' id='word_1_85' title='bbox 743 1237 838 1284; x_wconf 92' lang='lat' dir='ltr'><strong>huc</strong></span> <span class='ocrx_word' id='word_1_86' title='bbox 859 1239 912 1284; x_wconf 90' lang='lat' dir='ltr'><strong>in</strong></span> <span class='ocrx_word' id='word_1_87' title='bbox 929 1238 1124 1287; x_wconf 80' lang='lat' dir='ltr'><strong>Veneris</strong></span> <span class='ocrx_word' id='word_1_88' title='bbox 1148 1239 1330 1289; x_wconf 85' lang='lat' dir='ltr'><strong>fanum.</strong></span> 
     </span>
    </p>
   </div>
   <div class='ocr_carea' id='block_1_7' title="bbox 224 1330 1513 2108">
    <p class='ocr_par' dir='ltr' id='par_1_7' title="bbox 224 1330 1511 2108">
     <span class='ocr_line' id='line_1_16' title="bbox 583 1330 1173 1371; baseline 0.012 -8"><span class='ocrx_word' id='word_1_89' title='bbox 583 1332 611 1364; x_wconf 90' lang='lat' dir='ltr'>C</span> <span class='ocrx_word' id='word_1_90' title='bbox 646 1330 682 1364; x_wconf 80' lang='grc' dir='ltr'><strong>Η</strong></span> <span class='ocrx_word' id='word_1_91' title='bbox 714 1330 751 1364; x_wconf 87' lang='lat' dir='ltr'>A</span> <span class='ocrx_word' id='word_1_92' title='bbox 785 1332 820 1366; x_wconf 86' lang='lat' dir='ltr'><strong>R.</strong></span> <span class='ocrx_word' id='word_1_93' title='bbox 857 1332 902 1366; x_wconf 91' lang='lat' dir='ltr'>M</span> <span class='ocrx_word' id='word_1_94' title='bbox 937 1334 958 1367; x_wconf 93' lang='lat'>1</span> <span class='ocrx_word' id='word_1_95' title='bbox 993 1335 1031 1368; x_wconf 92' lang='lat' dir='ltr'>D</span> <span class='ocrx_word' id='word_1_96' title='bbox 1065 1334 1097 1368; x_wconf 86' lang='lat' dir='ltr'>E</span> <span class='ocrx_word' id='word_1_97' title='bbox 1133 1335 1173 1371; x_wconf 87' lang='lat' dir='ltr'><strong>S·</strong></span> 
     </span>
     <span class='ocr_line' id='line_1_17' title="bbox 898 1395 1513 1447; baseline 0.008 -5"><span class='ocrx_word' id='word_1_98' title='bbox 898 1395 956 1442; x_wconf 88' lang='lat' dir='ltr'><strong>In</strong></span> <span class='ocrx_word' id='word_1_99' title='bbox 979 1395 1254 1445; x_wconf 76' lang='lat' dir='ltr'><strong>barathm&#39;m</strong></span> <span class='ocrx_word' id='word_1_100' title='bbox 1276 1400 1513 1447; x_wconf 87' lang='lat' dir='ltr'><strong>mavelim.</strong></span> 
     </span>
     <span class='ocr_line' id='line_1_18' title="bbox 230 1468 1511 1551; baseline 0.005 -36"><span class='ocrx_word' id='word_1_101' title='bbox 230 1468 472 1526; x_wconf 82' lang='lat' dir='ltr'><strong>Obsecro,</strong></span> <span class='ocrx_word' id='word_1_102' title='bbox 500 1468 696 1551; x_wconf 86' lang='lat' dir='ltr'><strong>hospes,</strong></span> <span class='ocrx_word' id='word_1_103' title='bbox 732 1468 792 1514; x_wconf 89' lang='lat' dir='ltr'><strong>da</strong></span> <span class='ocrx_word' id='word_1_104' title='bbox 818 1469 938 1517; x_wconf 83' lang='lat' dir='ltr'><strong>mihi</strong></span> <span class='ocrx_word' id='word_1_105' title='bbox 958 1471 1173 1532; x_wconf 80' lang='lat' dir='ltr'><strong>aliquid,</strong></span> <span class='ocrx_word' id='word_1_106' title='bbox 1191 1472 1278 1519; x_wconf 86' lang='lat' dir='ltr'><strong>ubi</strong></span> <span class='ocrx_word' id='word_1_107' title='bbox 1304 1472 1511 1520; x_wconf 86' lang='lat' dir='ltr'><strong>condor-</strong></span> 
     </span>
     <span class='ocr_line' id='line_1_19' title="bbox 479 1543 836 1601; baseline 0.003 -12"><span class='ocrx_word' id='word_1_108' title='bbox 479 1543 699 1601; x_wconf 82' lang='lat' dir='ltr'><strong>miscam,</strong></span> <span class='ocrx_word' id='word_1_109' title='bbox 729 1545 836 1590; x_wconf 91' lang='lat' dir='ltr'><strong>loci.</strong></span> 
     </span>
     <span class='ocr_line' id='line_1_20' title="bbox 590 1629 1166 1666; baseline 0.003 -4"><span class='ocrx_word' id='word_1_110' title='bbox 590 1629 612 1662; x_wconf 90' lang='lat' dir='ltr'><strong>s</strong></span> <span class='ocrx_word' id='word_1_111' title='bbox 651 1630 678 1663; x_wconf 87' lang='lat' dir='ltr'>c</span> <span class='ocrx_word' id='word_1_112' title='bbox 713 1629 744 1662; x_wconf 83' lang='grc' dir='ltr'><strong>Ε</strong></span> <span class='ocrx_word' id='word_1_113' title='bbox 781 1630 808 1662; x_wconf 82' lang='grc' dir='ltr'>Ρ</span> <span class='ocrx_word' id='word_1_114' title='bbox 846 1630 878 1663; x_wconf 88' lang='lat' dir='ltr'>A</span> <span class='ocrx_word' id='word_1_115' title='bbox 920 1632 955 1665; x_wconf 78' lang='lat' dir='ltr'>R</span> <span class='ocrx_word' id='word_1_116' title='bbox 990 1631 1025 1664; x_wconf 77' lang='lat' dir='ltr'>N</span> <span class='ocrx_word' id='word_1_117' title='bbox 1059 1632 1083 1665; x_wconf 89' lang='lat'>1</span> <span class='ocrx_word' id='word_1_118' title='bbox 1117 1631 1166 1666; x_wconf 88' lang='grc' dir='ltr'><strong>ο.</strong></span> 
     </span>
     <span class='ocr_line' id='line_1_21' title="bbox 229 1689 1510 1753; baseline 0.004 -19"><span class='ocrx_word' id='word_1_119' title='bbox 229 1689 335 1735; x_wconf 85' lang='lat' dir='ltr'><strong>Istic</strong></span> <span class='ocrx_word' id='word_1_120' title='bbox 358 1689 443 1735; x_wconf 90' lang='lat' dir='ltr'><strong>ubi</strong></span> <span class='ocrx_word' id='word_1_121' title='bbox 469 1689 537 1734; x_wconf 90' lang='lat' dir='ltr'><strong>vis</strong></span> <span class='ocrx_word' id='word_1_122' title='bbox 561 1689 906 1738; x_wconf 85' lang='lat' dir='ltr'><strong>condormisce:</strong></span> <span class='ocrx_word' id='word_1_123' title='bbox 937 1706 1086 1737; x_wconf 90' lang='lat' dir='ltr'><strong>nemo</strong></span> <span class='ocrx_word' id='word_1_124' title='bbox 1111 1690 1362 1753; x_wconf 79' lang='lat' dir='ltr'><strong>prohibet,</strong></span> <span class='ocrx_word' id='word_1_125' title='bbox 1381 1691 1510 1753; x_wconf 90' lang='lat' dir='ltr'><strong>pub-</strong></span> 
     </span>
     <span class='ocr_line' id='line_1_22' title="bbox 479 1763 777 1809; baseline 0 -1"><span class='ocrx_word' id='word_1_126' title='bbox 479 1763 712 1809; x_wconf 61' lang='lat' dir='ltr'><strong>licum&#39;st.</strong></span> <span class='ocrx_word' id='word_1_127' title='bbox 774 1786 777 1789; x_wconf 94' lang='lat'>·</span> 
     </span>
     <span class='ocr_line' id='line_1_23' title="bbox 585 1846 1178 1891; baseline 0.003 -11"><span class='ocrx_word' id='word_1_128' title='bbox 585 1848 612 1880; x_wconf 88' lang='lat' dir='ltr'>c</span> <span class='ocrx_word' id='word_1_129' title='bbox 651 1847 695 1891; x_wconf 16' lang='lat' dir='ltr'><strong>HV</strong></span> <span class='ocrx_word' id='word_1_130' title='bbox 721 1846 757 1880; x_wconf 88' lang='lat' dir='ltr'>A</span> <span class='ocrx_word' id='word_1_131' title='bbox 793 1847 826 1880; x_wconf 83' lang='lat' dir='ltr'>R</span> <span class='ocrx_word' id='word_1_132' title='bbox 862 1848 905 1881; x_wconf 86' lang='lat' dir='ltr'><strong>M</strong></span> <span class='ocrx_word' id='word_1_133' title='bbox 942 1847 964 1881; x_wconf 95' lang='lat'>1</span> <span class='ocrx_word' id='word_1_134' title='bbox 999 1848 1035 1881; x_wconf 88' lang='lat' dir='ltr'>D</span> <span class='ocrx_word' id='word_1_135' title='bbox 1072 1847 1103 1881; x_wconf 81' lang='grc' dir='ltr'><strong>Ε</strong></span> <span class='ocrx_word' id='word_1_136' title='bbox 1138 1846 1178 1882; x_wconf 90' lang='lat' dir='ltr'><strong>s.</strong></span> 
     </span>
     <span class='ocr_line' id='line_1_24' title="bbox 226 1907 1506 1965; baseline -0.002 -10"><span class='ocrx_word' id='word_1_137' title='bbox 226 1908 290 1955; x_wconf 85' lang='lat' dir='ltr'><strong>At</strong></span> <span class='ocrx_word' id='word_1_138' title='bbox 317 1909 448 1956; x_wconf 88' lang='lat' dir='ltr'><strong>vides</strong></span> <span class='ocrx_word' id='word_1_139' title='bbox 474 1926 581 1965; x_wconf 84' lang='lat' dir='ltr'><strong>me,</strong></span> <span class='ocrx_word' id='word_1_140' title='bbox 615 1918 806 1953; x_wconf 85' lang='lat' dir='ltr'><strong>ornatus</strong></span> <span class='ocrx_word' id='word_1_141' title='bbox 837 1919 892 1953; x_wconf 89' lang='lat' dir='ltr'><strong>ut</strong></span> <span class='ocrx_word' id='word_1_142' title='bbox 921 1907 1009 1953; x_wconf 89' lang='lat' dir='ltr'><strong>sim</strong></span> <span class='ocrx_word' id='word_1_143' title='bbox 1033 1907 1322 1955; x_wconf 88' lang='lat' dir='ltr'><strong>vestimentis</strong></span> <span class='ocrx_word' id='word_1_144' title='bbox 1340 1907 1506 1955; x_wconf 80' lang='lat' dir='ltr'><strong>uvidis.</strong></span> 
     </span>
     <span class='ocr_line' id='line_1_25' title="bbox 224 1979 1507 2043; baseline -0.001 -16"><span class='ocrx_word' id='word_1_145' title='bbox 224 1980 401 2042; x_wconf 89' lang='lat' dir='ltr'><strong>Recipe</strong></span> <span class='ocrx_word' id='word_1_146' title='bbox 420 1998 498 2027; x_wconf 90' lang='lat' dir='ltr'><strong>me</strong></span> <span class='ocrx_word' id='word_1_147' title='bbox 516 1981 566 2025; x_wconf 91' lang='lat' dir='ltr'><strong>in</strong></span> <span class='ocrx_word' id='word_1_148' title='bbox 590 1990 770 2025; x_wconf 89' lang='lat' dir='ltr'><strong>tectum</strong></span> <span class='ocrx_word' id='word_1_149' title='bbox 789 2013 803 2037; x_wconf 86' lang='lat'><strong>,</strong></span> <span class='ocrx_word' id='word_1_150' title='bbox 826 1979 887 2026; x_wconf 87' lang='lat' dir='ltr'><strong>da</strong></span> <span class='ocrx_word' id='word_1_151' title='bbox 902 1980 1020 2026; x_wconf 87' lang='lat' dir='ltr'><strong>mihi</strong></span> <span class='ocrx_word' id='word_1_152' title='bbox 1038 1980 1309 2028; x_wconf 88' lang='lat' dir='ltr'><strong>vestimenti</strong></span> <span class='ocrx_word' id='word_1_153' title='bbox 1325 1979 1507 2043; x_wconf 84' lang='lat' dir='ltr'><strong>aliquid</strong></span> 
     </span>
     <span class='ocr_line' id='line_1_26' title="bbox 454 2053 631 2108; baseline -0.006 -10"><span class='ocrx_word' id='word_1_154' title='bbox 454 2098 458 2103; x_wconf 81' lang='grc'>,</span> <span class='ocrx_word' id='word_1_155' title='bbox 484 2053 631 2108; x_wconf 79' lang='lat' dir='ltr'><strong>aridi,</strong></span> 
     </span>
    </p>
   </div>
   <div class='ocr_carea' id='block_1_8' title="bbox 223 2124 1584 2189">
    <p class='ocr_par' dir='ltr' id='par_1_8' title="bbox 223 2124 1584 2189">
     <span class='ocr_line' id='line_1_27' title="bbox 223 2124 1584 2189; baseline -0.002 -17"><span class='ocrx_word' id='word_1_156' title='bbox 223 2125 360 2172; x_wconf 90' lang='lat' dir='ltr'><strong>Dum</strong></span> <span class='ocrx_word' id='word_1_157' title='bbox 386 2129 493 2172; x_wconf 70' lang='lat' dir='ltr'><strong>mea</strong></span> <span class='ocrx_word' id='word_1_158' title='bbox 523 2135 760 2171; x_wconf 85' lang='lat' dir='ltr'><strong>arescunt:</strong></span> <span class='ocrx_word' id='word_1_159' title='bbox 798 2124 848 2170; x_wconf 92' lang='lat' dir='ltr'><strong>in</strong></span> <span class='ocrx_word' id='word_1_160' title='bbox 878 2124 1039 2186; x_wconf 84' lang='lat' dir='ltr'><strong>aliquo</strong></span> <span class='ocrx_word' id='word_1_161' title='bbox 1066 2125 1154 2171; x_wconf 87' lang='lat' dir='ltr'><strong>tibi</strong></span> <span class='ocrx_word' id='word_1_162' title='bbox 1180 2125 1507 2189; x_wconf 77' lang='lat' dir='ltr'><strong>referamgra-</strong></span> <span class='ocrx_word' id='word_1_163' title='bbox 1580 2184 1584 2185; x_wconf 13' lang='lat'><em>⁷</em></span> 
     </span>
    </p>
   </div>
   <div class='ocr_carea' id='block_1_9' title="bbox 221 2197 1579 2459">
    <p class='ocr_par' dir='ltr' id='par_1_9' title="bbox 221 2197 1579 2459">
     <span class='ocr_line' id='line_1_28' title="bbox 474 2197 602 2243; baseline -0.008 0"><span class='ocrx_word' id='word_1_164' title='bbox 474 2197 602 2243; x_wconf 86' lang='lat' dir='ltr'><strong>tiam.</strong></span> 
     </span>
     <span class='ocr_line' id='line_1_29' title="bbox 582 2279 1347 2325; baseline -0.001 -10"><span class='ocrx_word' id='word_1_165' title='bbox 582 2281 605 2315; x_wconf 90' lang='lat' dir='ltr'><strong>s</strong></span> <span class='ocrx_word' id='word_1_166' title='bbox 641 2282 670 2314; x_wconf 90' lang='lat' dir='ltr'>c</span> <span class='ocrx_word' id='word_1_167' title='bbox 706 2283 734 2315; x_wconf 81' lang='grc' dir='ltr'><strong>Ε</strong></span> <span class='ocrx_word' id='word_1_168' title='bbox 773 2283 802 2316; x_wconf 83' lang='grc' dir='ltr'><strong>Ρ</strong></span> <span class='ocrx_word' id='word_1_169' title='bbox 842 2279 887 2315; x_wconf 74' lang='grc' dir='ltr'><strong>Α</strong></span> <span class='ocrx_word' id='word_1_170' title='bbox 913 2283 947 2316; x_wconf 82' lang='lat' dir='ltr'>R</span> <span class='ocrx_word' id='word_1_171' title='bbox 982 2283 1016 2316; x_wconf 80' lang='grc' dir='ltr'><strong>Ν</strong></span> <span class='ocrx_word' id='word_1_172' title='bbox 1051 2283 1072 2315; x_wconf 95' lang='lat'>1</span> <span class='ocrx_word' id='word_1_173' title='bbox 1108 2282 1157 2315; x_wconf 92' lang='lat' dir='ltr'><strong>o.</strong></span> <span class='ocrx_word' id='word_1_174' title='bbox 1344 2323 1347 2325; x_wconf 6' lang='grc' dir='ltr'>μ</span> 
     </span>
     <span class='ocr_line' id='line_1_30' title="bbox 221 2341 1579 2407; baseline 0.003 -19"><span class='ocrx_word' id='word_1_175' title='bbox 221 2343 462 2407; x_wconf 79' lang='lat' dir='ltr'><strong>Tegillum</strong></span> <span class='ocrx_word' id='word_1_176' title='bbox 495 2342 698 2390; x_wconf 85' lang='lat' dir='ltr'><strong>eccillud</strong></span> <span class='ocrx_word' id='word_1_177' title='bbox 738 2343 859 2390; x_wconf 91' lang='lat' dir='ltr'><strong>mihi</strong></span> <span class='ocrx_word' id='word_1_178' title='bbox 891 2360 1047 2391; x_wconf 89' lang='lat' dir='ltr'><strong>unum</strong></span> <span class='ocrx_word' id='word_1_179' title='bbox 1077 2353 1199 2390; x_wconf 80' lang='lat' dir='ltr'><strong>aret:</strong></span> <span class='ocrx_word' id='word_1_180' title='bbox 1237 2341 1290 2387; x_wconf 92' lang='lat' dir='ltr'><strong>id</strong></span> <span class='ocrx_word' id='word_1_181' title='bbox 1333 2342 1370 2388; x_wconf 88' lang='lat' dir='ltr'><strong>si</strong></span> <span class='ocrx_word' id='word_1_182' title='bbox 1404 2343 1501 2402; x_wconf 84' lang='lat' dir='ltr'><strong>vis,</strong></span> <span class='ocrx_word' id='word_1_183' title='bbox 1574 2390 1579 2392; x_wconf 5' lang='lat' dir='ltr'>A</span> 
     </span>
     <span class='ocr_line' id='line_1_31' title="bbox 475 2414 628 2459; baseline 0 0"><span class='ocrx_word' id='word_1_184' title='bbox 475 2414 628 2459; x_wconf 89' lang='lat' dir='ltr'><strong>dabo:</strong></span> 
     </span>
    </p>
   </div>
   <div class='ocr_carea' id='block_1_10' title="bbox 1563 1693 1630 2866">
    <p class='ocr_par' dir='ltr' id='par_1_10' title="bbox 1563 1693 1630 2866">
     <span class='ocr_line' id='line_1_32' title="bbox 1563 1693 1630 2866; baseline 0 0"><span class='ocrx_word' id='word_1_185' title='bbox 1563 1693 1630 2866; x_wconf 95' lang='lat' dir='ltr'><strong> </strong></span> 
     </span>
    </p>
   </div>
  </div>
 </body>
</html>
