1630 2866
77 189 251 245 vam*
368 180 641 232 ACTUS
692 182 792 229 IV.
842 181 945 229 SC.
998 182 1076 230 ΙΙ.
1259 195 1355 249 205

80 290 403 338 Conscribtam
430 290 580 336 mittit
604 288 1175 351 Polymachaeroplacides
1190 324 1207 349 ‚

75 363 606 428 Imagine'obsignatam
620 396 635 420 ,
669 378 791 423 quae
821 362 943 407 inter
969 377 1056 408 nos
1086 362 1188 410 duo

74 435 319 484 Convenit
351 435 482 482 olim.

562 511 586 544 s
621 511 642 543 1
678 511 721 544 M
756 511 776 544 1
812 510 859 545 A.

500 571 789 634 Symbolum
825 582 893 625 est
918 571 982 621 in,
998 572 1207 633 epistola.

526 660 554 691 Β
592 660 627 692 A
665 660 695 692 1.
730 659 761 692 Ι,
795 658 816 690 1
855 658 904 692 o.

77 720 262 777 Video,
292 730 340 766 et
367 735 600 785 cognosco
624 720 825 784 signum.
855 719 939 764 sed
967 720 1018 764 in
1046 720 1240 781 epistola

78 791 272 837 Nullam
296 791 495 837 salutem
525 792 712 838 mittere
745 806 808 836 ne
829 790 1050 837 scribtam
1083 793 1237 838 solet?

564 885 587 920 s
621 887 642 919 1
677 887 721 920 M
758 887 778 919 1
813 887 861 920 A.

77 943 151 988 Ita
179 942 387 988 militaris
411 941 651 1003 disciplina
682 955 750 990 est
767 979 782 1001 ‚
805 944 977 991 Ballio:
997 944 1002 949 ’

76 1015 229 1061 Manu
255 1015 455 1060 salutem
486 1015 689 1061 mittunt
721 1017 1120 1064 benevolentibus
1133 1038 1147 1068 3

75 1088 257 1134 Eadem
277 1087 450 1132 malam
469 1091 579 1133 ‘rem
601 1088 805 1134 mittunt
835 1090 1246 1137 malevolentibus.

74 1160 198 1219 Sed,
233 1171 290 1206 ut
315 1160 562 1222 occepisti,
594 1178 737 1226 perge
766 1179 963 1224 operam
986 1164 1237 1225 experirier
1253 1199 1270 1224 ‚

78 1232 217 1302 Quid
249 1233 444 1295 epistola
478 1235 562 1280 ista
588 1247 755 1281 narret.

531 1321 561 1354 Β
597 1321 632 1354 A
665 1322 697 1355 1.
731 1321 763 1354 Ι.
799 1322 821 1355 1
857 1322 904 1358 ο.

600 1382 603 1384 “
787 1381 1013 1429 Ausculta
1041 1385 1205 1432 modo.

34 1487 38 1491 -
77 1453 271 1515 Harpax
299 1454 472 1498 calator
505 1468 639 1497 meus
667 1464 735 1499 est
751 1487 766 1511 ,
797 1455 859 1500 ad
888 1465 937 1500 te
966 1455 1052 1515 qui
1082 1458 1239 1506 venit..

77 1523 222 1570 Tune
251 1524 288 1570 is
321 1540 367 1570 es
394 1523 622 1585 Harpax?

564 1607 587 1640 s
621 1608 642 1641 1
678 1608 720 1641 M
755 1609 776 1640 1
812 1610 862 1642 A.

334 1669 437 1733 Ego
463 1685 597 1726 sum,
629 1680 774 1729 atque
799 1670 896 1731 ipse
921 1669 1115 1731 Harpax
1140 1672 1354 1731 quidem.

247 1790 266 1807 ,Ι
527 1762 556 1793 Β
593 1760 629 1793 A
664 1761 694 1794 1.
729 1761 760 1794 1.
795 1761 816 1793 1
854 1763 900 1795 o.

78 1825 183 1894 Qui
214 1825 461 1888 epistolam
492 1823 627 1868 istam
662 1821 755 1868 fert
768 1858 783 1880 ,
818 1822 879 1868 ab
913 1839 971 1869 eo
1002 1835 1248 1887 argentum
1278 1842 1354 1873 ac-

328 1914 422 1958 c1p1
436 1932 452 1954 ,

79 1971 143 2018 Et
165 1985 278 2015 cum
306 1984 364 2014 eo
393 1969 552 2015 simitu
581 1970 831 2015 mulierem
860 1970 988 2015 mitti
1014 1971 1141 2016 volo.

78 2042 291 2090 Salutem
320 2040 538 2087 scribtam
569 2042 769 2105 dignum
790 2043 845 2087 ’st
876 2042 1024 2106 dignis
1053 2043 1263 2088 mittere:

76 2117 152 2169 Te
179 2114 215 2159 si
240 2112 511 2167 arbitrarem
537 2114 740 2176 dignum
756 2149 771 2172 ‚
797 2115 1022 2160 misissem
1046 2116 1147 2162 tibi.

565 2206 588 2239 s
625 2208 644 2239 1
678 2209 723 2241 M
756 2209 779 2240 1
809 2209 859 2241 A.

78 2259 410 2335 Quidnunc?

526 2334 555 2368 Β
593 2334 628 2367 A
663 2335 694 2368 1.
729 2335 760 2367 1.
795 2335 817 2367 1
855 2336 905 2368 o.

406 2394 671 2460 Argentum
694 2395 801 2447 des;
834 2395 1039 2449 abducas
1060 2398 1323 2445 mulierem.
