1630 2866
53 147 184 198 Με-
333 132 625 194 Ac'Tth
677 144 1101 196 111.sc.1v.
1240 151 1339 216 287]

56 254 152 304 Vos
185 253 337 313 adeo,
372 255 457 301 ubi
490 271 579 318 ego
609 255 810 300 innuero
840 255 1004 314 vobis,
1031 256 1068 302 si
1094 272 1157 302 ne
1190 257 1234 303 ei
1260 273 1337 309 ca-

305 339 398 390 put
428 328 771 384 exoculassitis‚

55 400 204 472 Quasi
234 413 440 447 murteta
468 401 625 464 juncis
645 435 660 458 ‚
693 401 811 446 item
846 416 934 464 ego
967 405 1060 448 vos'
1077 403 1214 468 virgis
1245 404 1333 462 cir<

309 489 641 520 cumvmmam.
810 492 815 495 ·

504 561 536 593 L
571 561 606 592 A
641 561 671 592 B
708 561 743 594 R
778 559 814 593 A
848 559 900 593 X.

53 609 116 657 vi
141 612 232 674 agis
257 627 464 658 mecum.

414 698 446 730 'r
482 699 516 731 R
551 697 586 730 A
619 697 647 729 c
682 697 718 730 Η
753 697 788 730 A
822 697 853 730 1.
889 697 911 730 1
946 697 995 730 o.

295 758 450 804 Etiam
471 757 572 804 vim
590 758 848 819 opprobras
863 792 878 815 ‚
903 755 1049 821 flagiti
1066 755 1338 820 flagrantia?

45 888 48 894 .
506 852 537 885 L
575 851 610 884 A
647 852 677 884 B
713 853 749 886 R
782 850 819 884 A
852 850 928 893 K„

58 911 202 970 Tun’,
221 912 476 960 trifurcifer
487 948 502 971 ,
521 914 642 960 mihi
658 913 799 960 audes
814 913 1126 959 inclementer
1142 913 1297 961 dicere
1309 913 1336 960 Ρ

409 1014 442 1046 Τ
478 1015 512 1047 R
545 1015 581 1046 A
616 1015 644 1046 C
678 1013 715 1046 Η
749 1014 786 1047 A
818 1014 850 1047 L
886 1015 908 1047 I
948 1015 998 1049 0.

58 1074 223 1122 Fateor
237 1109 252 1134 ,
280 1092 368 1140 ego
399 1075 646 1122 trifurcifer
676 1093 809 1122 sum:
845 1087 902 1122 tu
932 1093 978 1122 es
1004 1077 1154 1124 homo
1181 1078 1338 1140 appri-

303 1166 383 1195 me
409 1150 602 1211 probus·

57 1219 189 1268 Num
216 1223 301 1284 qui
329 1220 487 1270 miuus
517 1225 652 1271 hasce
686 1241 779 1271 esse
809 1235 997 1287 oportet
1022 1223 1223 1270 liberas?

75 1301 79 1309 ¹
505 1320 538 1353 1.
574 1319 610 1352 A
645 1321 674 1352 B
711 1322 746 1354 R
780 1319 815 1352 A
850 1319 902 1352 x.

714 1392 717 1397 ’
811 1388 814 1390 ’
933 1380 1101 1448 Quid,
1134 1380 1335 1427 liberas?

410 1473 443 1505 T
477 1474 512 1506 R
546 1471 582 1504 A
618 1473 645 1505 c
684 1473 719 1505 Η
755 1474 790 1506 A
825 1473 855 1505 1.
891 1474 912 1505 1
949 1474 995 1506 o.

58 1540 218 1602 Atque
247 1541 377 1587 heras
401 1551 503 1586 tuas
535 1540 734 1600 quidem
761 1541 917 1586 hercle
932 1576 947 1598 ,
979 1553 1123 1601 atque
1153 1558 1214 1586 ex
1234 1558 1337 1603 ger-

310 1629 450 1658 mana
480 1613 696 1659 Graecia:

60 1685 183 1731 Nam
211 1686 351 1732 altera
384 1686 496 1731 haec
538 1695 606 1731 est
638 1695 745 1731 nata
777 1683 973 1732 Athenis
998 1686 1214 1750 ingenuis
1251 1704 1336 1749 pa·-¹

310 1759 535 1806 rentibus.

446 1847 483 1879 D
517 1845 553 1878 A
586 1846 616 1878 E
652 1846 697 1881 M
732 1847 764 1880 O
799 1847 832 1879 N
866 1847 896 1879 E
931 1846 970 1879 S.

61 1905 199 1976 Quid
222 1921 310 1970 ego
330 1921 390 1951 ex
418 1917 467 1952 te
493 1906 667 1952 audio?

414 2000 447 2033 Τ
482 2001 517 2034 R
550 1999 585 2033 A
622 2001 650 2033 C
686 2001 721 2032 H
757 2000 792 2033 A
826 2000 858 2032 L
895 2001 919 2034 I
956 2000 1002 2034 O.

445 2060 582 2106 Hanc
604 2059 799 2106 Athenis
828 2061 920 2120 essle
946 2073 1104 2108 natam
1121 2059 1336 2110 liberam.

449 2153 486 2184 D
521 2152 557 2184 A
589 2152 620 2184 Ε
656 2152 699 2184 Μ
734 2153 767 2185 o
804 2155 837 2185 N
874 2153 923 2184 Ε.
941 2153 980 2186 s.

62 2214 171 2260 Mea
193 2213 433 2276 popularis
450 2246 465 2270 ,
494 2211 689 2258 obsecro
704 2246 718 2268 ‚
747 2212 860 2269 haec
884 2214 983 2258 est?

419 2313 452 2345 Τ
485 2313 519 2346 R
553 2311 589 2345 A
625 2312 653 2344 c
690 2310 726 2344 Η
762 2311 796 2342 A
831 2310 862 2342 1.
895 2311 917 2342 1
956 2311 1001 2342 o.

725 2370 840 2416 Non
865 2381 922 2417 tu
951 2371 1234 2434 Cyrenensis.
1251 2371 1336 2424 es?
