1690 2872
318 169 408 229 484
614 166 1271 215 TRINUMMus.
1469 169 1602 231 v.84

673 289 700 320 c
735 286 771 320 H
806 260 843 319 A
878 287 912 320 R
949 286 991 320 M
1029 285 1051 318 1
1086 286 1122 319 D
1159 287 1190 321 Ε
1226 286 1267 321 s.

312 359 414 429 Qui
438 359 586 404 homo
604 367 670 402 est
694 372 773 401 me
798 355 1116 416 insipientior,
1137 357 1225 418 qui
1242 357 1341 425 ipse
1367 367 1592 424 egomet,

565 430 650 476 ubi
676 429 794 486 sim,
824 429 1089 489 quaeritem
1107 429 1130 475 ?
1171 467 1175 469 μ

314 503 408 551 Sed
430 503 550 550 nihil
578 502 879 550 disconducit
903 502 1016 548 huic
1041 501 1122 548 rei.
1152 502 1274 564 quid
1291 502 1388 550 ais?
1467 544 1471 547 .

640 605 664 641 S
701 606 736 639 Y
771 607 799 639 C
836 605 868 640 Ο
906 605 935 639 P
972 604 1008 640 H
1044 603 1079 637 A
1114 604 1149 638 N
1186 603 1218 636 T
1253 604 1303 638 A.

1152 663 1322 734 Quid?

668 759 696 792 C
731 759 768 793 H
802 757 839 793 A
872 757 909 792 R
943 757 988 793 M
1023 758 1045 792 1
1079 758 1118 792 D
1151 757 1184 792 E
1220 757 1258 793 S·

1280 808 1389 858 Hoc
1405 819 1455 861 te
1471 826 1600 878 rogo.

311 880 448 950 Quos
478 879 607 925 locos
636 875 812 923 adisti?

635 972 659 1006 s
694 949 740 1006 Y·
766 972 793 1004 c
832 971 864 1004 o
902 972 931 1005 P
971 971 1006 1005 H
1041 971 1078 1005 A
1113 972 1150 1007 Ν
1185 972 1218 1006 Τ
1251 971 1302 1007 A.
1476 1022 1478 1026 y

758 1037 976 1082 Nimium
1004 1037 1131 1082 miris
1158 1039 1318 1084 modis
1348 1038 1595 1087 mirabiles.

666 1131 695 1163 c
731 1131 765 1163 H
802 1130 836 1164 A
872 1133 906 1165 R
942 1130 985 1163 M
1020 1131 1042 1163 1
1079 1132 1115 1163 D
1151 1131 1182 1165 E
1217 1129 1254 1164 s.

306 1200 466 1248 Lubet
483 1197 645 1257 audire
660 1231 674 1255 ,
694 1197 782 1243 nisi
800 1198 1058 1243 molestum
1074 1197 1142 1243 'st.

636 1288 659 1323 s
697 1288 731 1321 Y
769 1289 796 1321 c
837 1289 870 1322 ο
906 1288 934 1321 P
973 1288 1008 1322 H
1043 1288 1079 1322 A
1115 1289 1150 1322 N
1186 1289 1218 1322 ‘r
1252 1288 1302 1323 A.

1021 1347 1160 1416 Quin
1188 1347 1403 1411 discupio
1425 1348 1594 1398 dicere.

305 1424 547 1472 Omnium
564 1420 778 1482 primum
797 1421 848 1466 in
863 1420 1077 1466 Pontum
1095 1419 1281 1468 advecti
1295 1421 1357 1468 ad
1371 1420 1594 1471 Arabiam

560 1506 733 1541 terram
761 1511 938 1541 sumus.

666 1591 692 1624 C
730 1590 765 1623 Η
803 1590 838 1623 A
875 1592 909 1624 R
946 1592 989 1625 M
1024 1591 1046 1624 1
1082 1591 1118 1625 D
1156 1590 1187 1626 E
1223 1592 1260 1628 S·

306 1654 436 1703 Eho!
463 1668 523 1700 an
550 1652 694 1699 etiam
709 1651 880 1697 Arabia
898 1652 952 1696 ’st
976 1652 1027 1696 in
1043 1651 1236 1700 Ponto?

632 1746 655 1780 s
690 1747 726 1780 Y
763 1746 790 1779 c
828 1745 860 1778 o
897 1746 925 1778 Ρ
965 1744 1000 1777 H
1037 1746 1072 1779 A
1108 1748 1143 1781 Ν
1180 1747 1213 1780 Τ
1249 1745 1300 1781 A.

692 1807 796 1853 Est:
829 1821 932 1851 non
958 1805 1120 1864 illaec,
1149 1807 1235 1853 ubi
1258 1818 1332 1853 tus
1353 1808 1589 1873 gignitur,

306 1881 401 1932 Sed
423 1881 508 1929 ubi
534 1879 829 1927 absinthium
850 1879 929 1936 fit,
949 1890 1094 1940 atque
1116 1879 1275 1925 cunila
1291 1881 1555 1945 gallinacea.
1597 1923 1601 1925 ,

663 1972 1251 2009 CHARMIDES.

304 2047 523 2093 Nimium
559 2043 836 2124 graphicum
874 2043 1004 2090 hunc
1039 2046 1353 2108 nugatorem!
1386 2044 1470 2092 sed
1500 2061 1589 2109 ego

555 2135 662 2165 sum
693 2116 1017 2177 insipientior,

305 2195 410 2263 Qui
434 2202 651 2257 egomet,
669 2189 802 2235 unde
826 2190 1043 2247 redeam,
1067 2190 1198 2238 hunc
1212 2191 1438 2255 rogitem3
1465 2205 1588 2250 quae
1657 2253 1661 2255 4

557 2280 646 2328 ego
673 2264 838 2319 sciam,
865 2275 1010 2324 atque
1031 2264 1107 2309 hic
1129 2265 1325 2311 nesciat·

311 2342 410 2387 Nisi
431 2340 542 2402 quia
559 2340 696 2385 lubet
718 2339 939 2400 experiri,
959 2355 1058 2399 quo
1077 2352 1272 2384 evasura
1286 2337 1341 2383 ’st
1361 2335 1587 2399 denique.

307 2412 441 2480 Quid
459 2424 526 2458 est
544 2412 630 2458 tibi
648 2427 828 2457 nomen
841 2445 855 2469 ,
872 2411 1143 2473 adulescens
1156 2409 1179 2455 Ρ
