1690 2872
87 165 218 214 v.93
383 145 672 196 ACTUS
722 146 799 191 II.
851 144 958 191 SC.
1009 144 1086 190 11.
1274 155 1367 201 443

454 269 484 302 L
520 268 554 300 Y
594 266 616 301 s
654 267 676 300 1
713 267 744 300 Τ
780 266 811 299 1·:
846 267 878 300 1.
912 266 943 298 E
980 265 1020 299 s.
1299 290 1302 293 .

94 331 236 379 Soror
271 330 337 376 illi
375 342 442 376 est
466 329 630 375 adulta
660 328 793 393 virgo
821 325 1029 393 gxandis:
1058 341 1163 372 eam
1195 324 1340 386 cupio
1360 357 1376 382 ,

346 414 507 464 pater,

96 477 283 526 Ducere
318 493 535 524 uxorem.

543 559 572 592 P
610 558 644 592 n
680 558 701 591 1
727 550 771 591 Ἰ.
810 557 842 591 Τ
880 559 930 592 ο.

515 619 627 666 Sine
658 618 805 665 dote?

453 714 1018 751 LYSITELES.

778 774 1055 821 Sinedote.

553 866 947 911 ιἨΙῙ.Το.ν

1050 915 1291 963 Uxorem?

457 994 1029 1031 LYSITELES.

1302 1047 1386 1092 Ita.

61 1092 210 1173 xTua
234 1139 286 1171 re
309 1124 443 1171 salva.
474 1122 569 1170 hoc
591 1131 733 1183 pacto
767 1120 828 1167 ab
861 1121 944 1167 illo
978 1119 1117 1166 inibis
1150 1137 1387 1166 summam

361 1206 579 1259 granam:

103 1270 278 1334 Neque
313 1269 614 1319 commodius
644 1270 747 1316 ullo
782 1281 923 1332 pacto
967 1271 1012 1316 ei
1046 1270 1223 1333 poteris
1258 1269 1391 1316 auxi-

355 1344 519 1390 liarier.

568 1421 599 1455 Ρ
636 1421 673 1455 Η
706 1421 728 1454 1
765 1421 796 1454 L
833 1421 865 1453 Τ
901 1421 947 1454 ο.

107 1490 273 1554 Egone
306 1486 573 1536 indokatam
602 1500 651 1534 te
682 1499 888 1534 uxorem
916 1499 973 1535 ut
999 1488 1181 1549 patiar?

443 1580 499 1613 'L
535 1580 571 1613 Y
607 1578 631 1613 s
667 1580 689 1612 1
724 1579 756 1611 Τ
791 1579 822 1611 Ε
857 1579 888 1611 Ι,
924 1579 955 1612 E
989 1578 1032 1612 s.

813 1638 1103 1686 Patiundum
1125 1641 1181 1685 ’st
1196 1675 1210 1697 ,
1234 1652 1391 1702 pater:

107 1715 174 1762 Et
208 1728 266 1761 eo
306 1724 447 1776 pacto
483 1712 718 1760 addideris
755 1724 940 1764 nostrae
975 1713 1186 1776 lepidam
1217 1714 1392 1761 famam

361 1786 577 1833 familiae.

559 1874 589 1907 Ρ
624 1873 661 1907 11
695 1874 719 1907 1
753 1874 786 1908 1.
822 1875 855 1908 Τ
890 1874 938 1907 ο.

113 1941 269 1989 Multa
298 1957 385 2006 ego
417 1958 612 2003 possum
644 1941 784 1988 docta
809 1941 935 1988 dicta
950 1976 966 2000 ,
1001 1953 1051 1988 et
1081 1941 1298 2002 quamvis
1330 1940 1397 1988 fa·-

369 2015 530 2061 cunde
562 2013 729 2076 loqui:

115 2086 372 2133 Historiam
394 2098 605 2133 veterem
631 2098 778 2147 atque
802 2087 1048 2148 antiquam
1072 2087 1187 2133 haec
1204 2103 1311 2132 mea
1329 2103 1401 2132 se-

376 2172 541 2208 nectus
569 2160 780 2206 sustinet.

117 2230 301 2280 Verum
320 2248 408 2296 ego
427 2232 625 2294 quando
648 2242 697 2278 te
719 2242 768 2277 et
784 2233 1036 2289 amicitiam
1059 2244 1107 2279 et
1132 2232 1327 2297 gratiam
1343 2231 1395 2279 in.

367 2317 579 2353 nostram
611 2305 816 2351 domum
1372 2329 1383 2335 ·

119 2376 276 2427 Video
292 2379 488 2438 allicere,
504 2379 588 2426 etsi
602 2378 874 2427 advorsatus
893 2377 983 2425 tibi
993 2376 1077 2438 fui,
1092 2378 1201 2424 istac
1214 2376 1396 2442 judico.
