1630 2866
164 194 259 242 >930
476 173 1123 222 PSEUDOLUS.
1320 178 1450 223 v.16

692 295 715 328 s
751 295 771 328 1
808 296 851 329 M
887 296 934 329 o.

561 366 739 412 Omnia
753 399 768 423 ,
791 377 848 411 ut
867 364 1086 427 quidque·
1106 365 1236 431 egisti
1260 366 1453 427 ordine,

174 432 291 481 Scio.

529 509 557 541 P
598 507 619 540 s
656 508 687 540 Ε
727 506 762 540 U
799 507 834 540 D
875 507 907 539 ο
946 506 977 539 L
1014 506 1050 538 U
1087 506 1128 540 s.

272 570 410 642 Quid
429 586 538 634 ergo
557 569 745 614 dubitas
769 568 878 613 dare
897 567 1016 613 mihi
1033 568 1316 631 argentum?

700 665 723 699 S
759 665 782 697 I
817 666 861 699 M
898 665 946 698 Ο.

1014 718 1098 777 Jus
1123 717 1245 780 petis
1261 752 1277 776 ,
1301 717 1465 764 fateor.

177 783 326 830 Tene.

536 857 1127 903 PSEUDOLUS.

280 931 345 978 At
362 932 560 995 negabas
581 933 812 978 daturum
833 948 925 977 esse
944 943 992 977 te
1013 931 1160 989 mihi,
1186 938 1350 978 tamen'
1373 931 1468 978 das.

434 1021 577 1050 onera
603 1005 732 1051 hunc
763 1005 1013 1050 hominem
1033 1039 1048 1063 ‚
1081 1015 1227 1066 atque
1244 1021 1324 1051 me

184 1079 489 1139 Consequere
519 1078 615 1123 hac.

709 1155 731 1188 S
769 1157 789 1188 Ι
826 1156 869 1189 Μ
902 1154 956 1189 Ὀ.

380 1215 482 1279 Ego
506 1215 652 1262 istum
685 1215 917 1261 onerem?

542 1308 572 1344 P
612 1309 634 1343 S
670 1312 699 1344 E
738 1310 772 1343 U
810 1312 845 1344 D
886 1311 918 1343 Ο
953 1309 985 1343 L
1022 1308 1058 1343 U
1093 1306 1129 1342 S.

541 1382 798 1439 Onerabis‚
831 1382 937 1428 scio.

713 1476 735 1509 S
772 1475 792 1508 I
831 1475 874 1507 M
911 1475 957 1507 Ο.

677 1542 813 1612 Quid
837 1558 923 1605 ego
945 1541 1055 1586 huic
1073 1539 1259 1586 homini
1276 1539 1476 1586 faciam?

190 1615 332 1664 Satin‘
354 1618 478 1663 ultro
503 1628 550 1663 et
579 1629 828 1681 argentum
848 1615 998 1662 aufert
1013 1649 1028 1672 ,
1054 1626 1101 1664 et
1116 1618 1202 1660 'me
1221 1612 1426 1659 inridet?

549 1712 577 1744 P
615 1699 640 1745 s'
673 1711 704 1744 E
742 1711 776 1743 u
813 1711 848 1743 D
888 1711 920 1743 o
957 1709 988 1742 L
1025 1707 1059 1740 U
1096 1706 1134 1741 s.

741 1779 842 1826 Vae
866 1778 1024 1826 victis!
1070 1838 1076 1844 ι

714 1870 737 1904 5
774 1872 795 1904 1
831 1872 873 1904 M
911 1870 960 1902 o.

903 1929 1054 1977 Vorte
1078 1945 1187 1993 ergo
1208 1928 1480 1974 humerum.

192 1996 345 2042 Hem!

653 2072 1030 2106 BALLro.

327 2142 437 2188 Hoc
462 2158 550 2206 ego
582 2157 852 2202 numquam
875 2152 1000 2186 ratus
1028 2158 1134 2186 sum
1157 2140 1256 2186 fore
1272 2173 1286 2196 ‚
1315 2152 1395 2184 me
1423 2144 1480 2181 ut

741 2214 831 2261 tibi
860 2214 1023 2261 fierem
1053 2213 1266 2275 supplex.

196 2281 311 2328 Heu
331 2282 430 2332 heu
448 2281 567 2327 heu!

562 2367 592 2399 P
630 2365 652 2399 S
687 2366 718 2398 E
755 2366 797 2399 U.
826 2365 862 2399 D
901 2365 933 2398 0
967 2364 998 2398 L
1036 2361 1071 2394 U
1107 2360 1141 2394 S.

516 2426 705 2473 Desine.
