1598 2814
1301 169 1399 220 511?

303 351 349 400 A
388 351 434 399 R
482 350 529 396 G
576 347 622 394 U
667 347 723 395 M
769 347 811 394 E
858 347 906 394 N
953 347 1002 394 T
1049 347 1095 396 U
1139 349 1197 397 M

418 486 519 550 (Ut
549 485 839 548 quibusdam
862 485 1087 550 videtur)

503 632 999 676 PRISCIANI.

185 765 359 814 TRES
391 780 522 811 unam
546 767 731 828 pereunt
760 762 1052 808 adulescentes
1078 764 1330 816 mulierem.‘

111 841 230 888 Rure
260 854 399 888 unus,
435 839 548 884 alter
569 838 695 886 urbe,
713 853 895 901 peregre
923 838 1089 902 tertius.

117 913 273 977 Utique
297 914 385 958 ista
402 912 587 972 ingenti
605 909 786 954 militem
817 920 977 970 tangat
1002 909 1118 959 bolo,

112 987 244 1035 Clam
269 986 491 1051 supposuit
520 983 604 1028 sibi
624 982 886 1028 clandestino
915 982 1090 1028 editum.

122 1059 176 1106 Vi
200 1074 366 1119 magna
390 1072 529 1103 servos
553 1066 619 1101 est
648 1071 700 1100 ac
726 1055 917 1100 trucibus
941 1055 1157 1104 moribus,

113 1132 262 1197 Lupae
289 1147 343 1177 ne
367 1130 545 1194 rapiant
574 1127 735 1175 domini
754 1130 1079 1192 parsimoniam.

111 1204 177 1253 Et
202 1207 242 1250 is
266 1215 407 1250 tamen
432 1202 640 1247 mollitur.
672 1201 800 1247 Miles
831 1201 1028 1251 advenit,

110 1262 307 1341 Natique
334 1293 487 1323 caussa
515 1275 593 1321 dat
612 1292 827 1340 propensa
853 1292 1047 1320 munera.

123 1349 316 1395 Tandem
348 1364 594 1411 conpressae
619 1359 751 1411 pater
778 1349 994 1408 cognoscit
1019 1348 1176 1393 omnia.

120 1419 259 1482 thue
292 1419 416 1463 illam
450 1418 606 1466 ducat,
636 1421 710 1480 qui
738 1419 952 1467 vitiarat,
985 1420 1206 1465 convenit.-
1239 1433 1244 1437 ·

116 1494 333 1556 Suumque
360 1494 399 1537 is
427 1493 583 1556 repetit
615 1509 644 1537 a
671 1493 892 1536 meretrice
924 1492 1153 1538 subditum.

183 1674 513 1733 ALIUD
585 1673 1337 1725 ARGUMENTUM

483 1811 1022 1854 CAMERARII.

186 1949 243 1999 H
244 1961 325 1998 ΑΕ
338 1962 367 1998 c
392 1949 613 1996 Comoedia
633 1962 697 1996 est
722 1952 886 2000 altera,
908 1968 1036 2015 quam
1057 1949 1253 1997 Ciceroni
1270 1954 1404 2018 inprid

120 2028 204 2072 mis
213 2027 454 2091 placuisse,
478 2025 528 2070 de
546 2025 707 2072 Catone
726 2026 916 2086 intelligi
922 2038 1090 2090 potest,
1115 2038 1165 2072 ut
1179 2029 1403 2076 retulimus

121 2103 167 2146 in
189 2099 411 2145 Pseudolo.
445 2098 506 2145 Et
535 2101 726 2162 quamvis
754 2100 1071 2145 mendosissima
1104 2112 1146 2144 et
1179 2100 1321 2146 lacera
1348 2102 1407 2147 ad

124 2188 202 2218 nos
216 2174 484 2237 pervenerit.-
515 2183 655 2217 tamen
672 2173 796 2234 quasi
815 2172 864 2216 de
886 2189 1027 2232 ungue
1045 2173 1229 2220 leonem,
1257 2185 1335 2219 aut
1357 2173 1406 2219 de

125 2244 265 2289 culmo
277 2244 442 2308 fruges
466 2245 726 2292 aestimant,
744 2246 809 2289 ita
827 2243 876 2288 de
894 2244 959 2288 his
976 2245 1165 2307 reliquiis
1175 2258 1406 2309 praestan-

129 2317 195 2361 tia
211 2317 338 2383 hujus
342 2317 529 2381 fabulae
544 2318 677 2382 plane
688 2317 930 2385 judicatur.
946 2317 1295 2382 Argumentum
1321 2320 1408 2367 tale

131 2399 210 2434 ost.
231 2389 443 2437 Meretrix
459 2390 666 2454 quaedam
683 2390 843 2440 callida
860 2402 903 2436 et
923 2402 1099 2440 astuta.
1125 2402 1168 2437 et
1174 2390 1407 2454 famulitio,
