1598 2814
237 138 336 197 ωε
468 138 1275 208 TRUCULENTUs
1394 145 1522 206 ιφ

760 260 1014 295 GETA.

543 321 844 382 Lubidoest.

499 407 1296 446 STRATOP-HANES.

822 472 1056 519 Istuccine
1089 474 1207 520 mihi
1234 474 1521 535 respondes?

761 555 792 590 G
831 556 861 588 Ε
899 556 929 589 Τ
966 557 1016 591 Α.

236 612 358 659 Hoc.
380 628 483 660 non
501 630 588 679 ego
608 626 656 661 te
676 615 952 664 floccifacio.

497 707 1285 747 STRATOPHANES.

746 770 887 839 Quid
909 770 1000 816 tu?
1026 786 1108 816 cur
1125 776 1233 819 ausa
1250 789 1295 818 es
1311 773 1457 818 alium
1474 782 1522 818 te

235 836 407 885 Dicere
425 856 580 888 amare
596 842 882 902 hominem?

560 930 588 962 P
625 930 660 963 Η
695 932 728 965 R
765 931 798 964 o
836 931 870 964 N
906 931 937 964 E
975 930 998 964 s
1038 930 1059 963 1
1097 931 1133 965 U
1167 933 1227 967 M.

427 988 664 1037 Lubitum
683 992 749 1038 ’st.

494 1075 1285 1114 STRATOPHANES.
1421 1122 1426 1127 ¹

558 1135 663 1181 Ain’
682 1138 912 1183 tandem?
927 1139 1047 1185 istuc
1063 1138 1276 1200 primum
1295 1139 1517 1200 experiar.

149 1199 155 1204 ’
231 1204 359 1251 Tun'
387 1208 555 1253 tantilli
591 1209 708 1254 doni
740 1227 922 1268 caussa,
958 1213 1142 1257 olerum
1160 1245 1175 1270 ,
1211 1222 1357 1273 atque
1393 1228 1516 1258 esca-

489 1297 598 1327 rum
614 1316 628 1339 ‚
662 1293 712 1328 et
740 1299 990 1344 poscarum
1005 1318 1019 1342 ,

231 1350 494 1399 Moechum
528 1356 765 1401 malacum
781 1389 796 1413 ,
839 1357 1164 1404 cincinnatum
1181 1390 1196 1416 ,
1229 1357 1519 1405 umbratico-

484 1427 579 1472 lam
594 1462 607 1484 ‚
634 1429 1047 1490 tympanotribam

229 1498 371 1546 Amas
384 1535 397 1558 ,
416 1500 666 1548 hominem
683 1519 786 1549 non
802 1503 975 1550 nauci?

750 1597 784 1631 G
818 1599 848 1631 E
889 1598 920 1631 T
957 1597 1006 1632 A.
1153 1631 1162 1641 ,

442 1656 581 1726 Quae
600 1658 714 1704 haec
730 1674 799 1703 res
817 1658 827 1702 !
855 1674 1027 1703 meone
1046 1658 1161 1704 hero
1184 1669 1264 1716 tu,
1280 1657 1513 1721 inprobe‚'

229 1726 510 1775 Maledicere
532 1730 676 1776 audes
691 1765 704 1788 ‚
725 1729 830 1776 fons
850 1730 936 1776 viti
957 1741 1004 1776 et
1024 1730 1235 1794 perjuri?

491 1822 1285 1857 STRATOPHANES.
1528 1863 1531 1864 ⁷

1120 1882 1336 1930 Verbum
1357 1899 1513 1930 unum

228 1953 370 2001 Adde
405 1956 520 2002 istoc
538 1975 549 2007 3
575 1955 676 2020 jam
713 1955 869 2001 hercle
902 1970 988 2019 ego
1021 1965 1069 2000 te
1099 1955 1176 2000 hic
1207 1956 1293 2001 hac
1328 1956 1509 2002 offatim

1060 2029 1320 2075 conficiam.

747 2107 780 2139 G
816 2107 846 2139 Ε
884 2108 915 2140 Τ
951 2106 1002 2140 A.

1342 2159 1446 2204 Tan
1479 2176 1504 2205 e

227 2233 404 2280 Modo!
427 2235 528 2299 jam
548 2251 636 2299 ego
653 2244 701 2281 te
720 2234 796 2281 hic
813 2251 991 2300 agnum
1012 2233 1203 2291 faciam,
1225 2243 1274 2279 et
1288 2174 1506 2278 mediuffn
1578 2255 1580 2257 ·

481 2308 796 2354 distruncabo.
828 2308 864 2352 si
886 2319 941 2354 tu

226 2376 303 2423 Ad
319 2380 558 2443 legionem
578 2381 775 2427 bellator
793 2382 919 2427 clues
933 2415 947 2438 ‚
965 2390 1012 2429 at
1030 2394 1115 2441 ego
1130 2378 1181 2423 in
1206 2377 1362 2423 culina
1379 2374 1500 2422 Ares.
