1690 2872
310 153 406 211 456
609 154 1267 219 TRINUMMUS.
1431 159 1598 208 v.168

760 272 789 305 P
827 272 860 305 H
898 273 917 305 1
955 273 985 305 1,
1025 273 1056 306 Τ
1093 274 1143 306 0.

308 336 386 383 De
419 335 534 382 dote
558 350 751 381 mecum
786 335 1042 381 convenire
1078 336 1196 381 nihil
1229 349 1388 398 potes:

307 409 443 476 Quid
478 409 563 453 tibi
594 407 752 462 lubet,
786 417 889 452 tute
925 408 1050 470 agito
1081 423 1194 453 curn
1219 422 1330 454 nato
1365 426 1489 456 meo.

309 480 453 526 Nunc
486 492 618 526 tuam
651 491 861 525 sororem
892 480 990 525 filio
1021 497 1318 541 poscotmeo.

308 551 447 620 Quae
465 568 533 597 res
551 553 674 598 bene
697 562 866 598 vortat.
893 552 1014 615 quid
1031 551 1191 597 nunc?
1223 552 1366 598 etiam
1385 555 1597 601 consulis.

631 645 661 678 L
698 646 727 677 E
767 645 790 678 s
829 646 856 678 Β
898 646 929 678 o
968 647 1000 679 N
1040 647 1061 679 1
1096 647 1123 679 c
1165 645 1199 678 U
1235 645 1270 678 s.

305 703 445 774 Quid
475 704 614 750 istic?
649 705 845 766 quando
885 705 948 752 ita
980 706 1048 753 vis
1066 741 1082 764 ,
1113 705 1195 752 Dii
1225 706 1350 753 bene
1378 708 1594 754 vortant!

559 779 793 840 spondeo.

765 864 793 896 Ρ
829 864 862 896 Η
900 865 919 896 Ι
958 865 988 898 1.
1024 865 1056 898 Τ
1096 865 1146 898 ο.

306 922 589 986 Numquam
604 925 778 986 edepol
793 925 1055 991 quoiquam
1067 937 1165 971 tam
1176 927 1597 988 exspectatusfilius

305 997 483 1056 Natus,
510 1016 657 1060 quam
692 1011 759 1044 est
793 1000 913 1045 illud
943 1001 1175 1060 Spondeo
1203 1015 1370 1048 natum
1396 1001 1527 1048 mihi.

695 1092 717 1125 s
755 1092 786 1126 T
824 1091 857 1123 A
893 1068 929 1124 s’
953 1092 972 1124 1
1012 1093 1054 1124 Μ
1093 1093 1124 1123 u
1163 1092 1201 1124 s,

302 1150 386 1199 Dii
416 1151 737 1199 fortunabunt
763 1164 916 1198 vostra
946 1152 1164 1198 consilia!

753 1244 781 1277 P
821 1245 855 1278 H
892 1246 912 1277 1
950 1244 980 1277 L
1019 1245 1050 1278 T
1090 1245 1139 1278 Ο.

1206 1298 1278 1344 Ita
1306 1299 1435 1345 volo.

624 1382 655 1415 1,
693 1384 722 1415 E
760 1383 782 1415 s
820 1384 847 1415 B
889 1382 920 1414 ο
960 1383 994 1416 N
1032 1383 1053 1416 1
1090 1383 1116 1415 c
1155 1382 1191 1414 U
1229 1384 1269 1418 s.

298 1437 424 1498 Sed,
459 1439 680 1499 Stasime,
720 1443 799 1488 abi
831 1443 925 1489 huc
961 1441 1024 1488 ad
1063 1459 1222 1488 meam
1258 1434 1467 1491 sororem
1480 1463 1494 1504 ,ε
1528 1446 1592 1494 ad

559 1515 834 1560 Calliclem:

298 1585 393 1634 Dic
417 1587 509 1634 hoc
539 1588 703 1652 negoti
729 1587 982 1649 quomodo
1008 1598 1171 1633 actum
1194 1588 1262 1634 ’st.

690 1681 713 1715 s
750 1683 781 1715 Τ
817 1681 852 1715 A
890 1682 913 1716 s
954 1682 974 1714 1
1010 1682 1053 1715 M
1090 1681 1124 1715 U
1161 1682 1198 1716 s.

1285 1734 1452 1782 Ibitur.

620 1810 1255 1847 LESBONICUS.

290 1868 354 1916 Et
382 1871 637 1935 gratulator
667 1887 800 1917 meae
835 1872 992 1917 sorori.

684 1955 707 1990 s
743 1957 775 1989 Τ
811 1956 847 1989 A
884 1958 907 1991 s
944 1957 965 1990 1
1001 1956 1047 1990 Μ
1082 1957 1119 1989 U
1156 1957 1194 1991 s.

1031 2015 1247 2063 Scilicet!

740 2102 770 2135 P
806 2103 840 2135 Η
877 2104 898 2136 Ι
935 2104 965 2137 Ι».
1001 2104 1032 2136 Τ
1069 2104 1118 2136 o.
1163 2133 1171 2139 .

290 2160 315 2205 I
341 2159 458 2217 hac,
488 2160 781 2219 Lesbonice‚
815 2180 1034 2221 mecum,
1069 2174 1125 2209 ut
1153 2179 1311 2209 coram
1335 2162 1517 2223 nuptiis'

286 2230 399 2278 Dies
427 2233 766 2280 constituatur:
800 2235 966 2282 eadem
996 2236 1110 2281 haec
1136 2233 1530 2281 confirmabimus.

609 2308 1253 2362 LESBONICUS}

283 2382 363 2429 Tu
385 2386 506 2432 istuc
530 2403 640 2434 cuta
659 2422 674 2447 ‚
704 2389 841 2448 quod
862 2389 991 2452 jussi.
1023 2404 1111 2451 ego
1131 2387 1232 2450 jam
1264 2385 1342 2430 hic
1370 2401 1466 2431 ero.
