1630 2866
1302 212 1393 260 ⁹35

301 380 1194 430 ARGUMENTUM

415 524 514 586 (Ut
546 522 834 584 quibusdam
858 523 1083 586 videtur)

502 657 998 712 PR13c1ANL

176 769 361 832 RETI
394 786 585 848 piscator
620 784 670 828 de
697 786 812 829 mari
838 786 1039 829 extraxit
1068 785 1288 835 vidulum,

119 862 203 908 Ubi
229 869 355 905 erant
388 856 538 901 herilis
553 857 686 920 filiae
718 856 979 921 crepundia,

35 973 39 975 .
114 935 351 981 Dominum
377 931 436 977 ad
459 931 646 976 lenonem
672 947 780 994 quae
804 922 1004 995 subrepta
1034 943 1223 977 venerat.

114 1007 183 1055 Ea
212 1009 256 1052 in
285 1004 525 1051 clientelam
550 1005 690 1067 suipte
718 1003 948 1067 inprudens
961 1006 1110 1067 patris

113 1078 367 1143 Naufragio
402 1079 536 1143 eJ’ecta
566 1076 758 1122 devenit:
792 1077 1087 1136 cognoscitur,

64 1162 75 1172 ’
114 1152 279 1213 Suoque
305 1150 440 1195 amico
460 1147 732 1212 Pleusidippo
755 1148 981 1213 jungitur.

178 1301 510 1350 ALIUD
583 1302 1340 1350 ARGUMENTUM

482 1431 1022 1473 CAMERARIL

183 1553 239 1601 N
248 1565 339 1616 QM
352 1565 451 1600 EN
487 1552 678 1599 Fabulae
711 1570 764 1598 ex
794 1570 840 1598 re
871 1553 1068 1598 inditum.
1106 1553 1404 1598 Introducitur

121 1627 234 1672 enim
255 1627 478 1689 piscator,
510 1627 584 1688 qui
611 1628 655 1670 in
684 1628 798 1670 mari
828 1627 1003 1688 cepisset
1027 1625 1233 1671 vidulum.
1261 1625 1404 1670 Funes

122 1713 266 1759 autem
301 1702 495 1747 nauticos
528 1711 654 1762 atque
690 1701 856 1744 omnino
884 1699 1168 1760 grandiores,
1206 1699 1407 1744 rudentes

123 1772 299 1822 dixere,
329 1775 417 1819 sive
441 1789 468 1816 a
488 1772 701 1835 strepitu,
732 1787 806 1815 seu
837 1771 1023 1815 aliunde.
1052 1769 1407 1833 Argumentum

125 1844 215 1889 tale
233 1858 308 1890 est.
329 1846 547 1891 Amiserat
556 1845 788 1908 parvulam
794 1845 947 1907 filiam
966 1846 1070 1890 civis
1086 1844 1257 1906 quidam
1273 1844 1407 1889 Athe-

124 1918 311 1964 niensis,
347 1933 397 1961 ea
425 1919 619 1962 venierat
659 1918 800 1962 lenoni
833 1915 1073 1979 Cyrenensi.
1109 1915 1245 1960 Pater
1280 1916 1407 1982 hujus

125 1988 300 2053 injuriis
327 1990 483 2034 civium
507 1991 679 2033 suorum
705 1990 765 2034 ad
789 1991 974 2053 inopiam
1003 1988 1226 2036 redactus,
1265 1988 1401 2033 Athe-

125 2060 195 2104 nis
209 2074 297 2103 sese
319 2057 502 2120 Cyrenas
521 2061 712 2105 contulit
732 2059 931 2106 Puellam
947 2062 1140 2105 Atticam
1162 2072 1283 2104 amat
1303 2061 1407 2104 ado-

129 2132 316 2179 lescens
346 2142 389 2174 et
410 2130 612 2175 redimere
632 2133 754 2177 vult:
784 2134 860 2177 sed
883 2135 975 2178 leno
1000 2151 1071 2197 spe
1098 2136 1271 2198 majoris
1297 2134 1408 2178 lucri

130 2202 416 2248 clanculum
399 2219 443 2247 zn
468 2202 664 2247 Siciliam
690 2204 864 2249 avehere
883 2206 1004 2251 illam
1014 2220 1162 2269 parat.
1190 2206 1311 2251 Navi
1329 2223 1408 2250 au-

131 2289 215 2322 tem
227 2262 412 2341 fracta.
442 2277 544 2322 llaec
570 2288 613 2322 et
636 2277 775 2322 altera
802 2278 1007 2339 quaedam
1031 2293 1229 2323 conserva
1250 2280 1405 2342 ipsius,

131 2350 192 2394 ad
227 2351 331 2395 litus
363 2349 638 2413 Qrenaicum
671 2352 715 2394 in
750 2350 909 2414 scapha
936 2350 1212 2413 referuntur.-
1243 2364 1286 2396 et
1315 2353 1405 2398 leno

131 2423 329 2487 rejicitur
336 2421 576 2485 fluctibus.-
603 2423 816 2473 omnibus,
843 2441 950 2487 quae
974 2441 1114 2470 secum
1141 2425 1312 2490 auferre
1334 2442 1407 2472 vo-
