1630 2866
115 157 209 204 v.6
406 154 700 202 ACTUS
756 155 792 200 I.
854 153 960 202 SC.
1015 156 1114 203 IV.
1294 162 1391 221 ‘249'

117 259 290 321 Neque
320 274 423 307 eam
450 276 651 322 usquam
682 263 896 320 invenio,
928 279 1086 324 neque
1114 281 1214 325 quo
1250 282 1387 323 eam,

367 349 527 395 neque
558 351 652 395 qua
674 351 895 395 quaeram
918 338 1188 383 consultum
1210 339 1265 383 ’st
1280 373 1294 394 ‚

114 404 286 467 Neque
313 422 460 466 quem
483 408 684 470 rogitem
709 424 1033 469 responsorem
1048 445 1062 468 ,
1090 427 1385 472 quemquam

367 491 543 524 mterea
570 494 781 525 mvemo.
815 491 826 503 ·

114 547 287 610 Neque
313 550 458 614 magis
484 551 605 596 solae
634 561 782 596 terrae
809 563 945 610 sunt,
979 569 1125 613 quam
1150 553 1263 599 haec
1286 554 1391 599 loca

371 635 516 684 atque
544 625 631 669 hae
660 624 883 688 regiones.
1258 642 1421 687 mm

113 695 284 757 Neque
311 699 347 744 si
372 700 517 757 vivit,
538 717 641 746 eam
666 700 825 746 vivam
850 717 1085 762 umquam
1111 688 1390 763 (Ιυίηῆἧῖῑῖ-

366 772 520 829 niam,
547 772 776 818 desistam.

466 865 494 896 P
531 866 567 897 A
601 867 631 899 L
669 866 703 898 A
738 866 769 900 E
805 866 828 900 S
869 867 918 899 31„
935 867 970 899 R
1004 867 1054 900 A.

113 929 362 1000 Quaenam
388 948 487 979 vox
516 932 635 978 mihi
665 949 817 994 prope
846 933 923 979 hic
954 945 1089 980 sonat
1105 933 1128 980 Ξ)

462 1035 498 1068 A
531 1035 575 1068 M
610 1036 640 1068 P
673 1036 704 1068 Ε
735 1035 769 1068 1.
804 1035 837 1068 1‘
862 1035 885 1070 s
922 1035 950 1068 c
985 1035 1034 1068 A.

1140 1087 1384 1141 Pertimui.

88 1148 230 1219 ·Quis
255 1150 331 1197 hic
358 1151 572 1213 loquitur
598 1169 750 1214 prope
766 1152 790 1198 ?

462 1252 491 1285 P
530 1253 566 1286 A
601 1253 632 1286 1.
667 1253 702 1286 A
737 1253 767 1286 E
806 1253 828 1288 s
867 1254 898 1287 Τ
934 1255 968 1288 R
1004 1254 1050 1287 A.

106 1381 225 1428 Mihi
569 1319 682 1382 Spes
713 1321 865 1379 bona,
900 1322 1121 1380 obsecro,
1153 1323 1384 1370 subventa

461 1459 496 1491 A
533 1458 577 1491 Μ
611 1461 639 1493 Ρ
680 1461 710 1494 E
742 1461 776 1494 1.
811 1463 832 1495 1
868 1464 891 1497 s
929 1465 956 1496 c
992 1447 1041 1498 A.

250 1525 422 1572 Mulier
445 1538 534 1583 est,
564 1528 804 1574 muliebris
830 1547 927 1576 vox
955 1532 1073 1576 mihi
1102 1532 1163 1577 ad
1196 1532 1316 1577 auris

109 1598 262 1646 Venit.
298 1615 358 1645 an
382 1599 557 1645 eximet
583 1616 643 1645 ex
672 1601 761 1647 hoc
788 1603 1003 1649 miseram
1027 1604 1193 1650 metu?

461 1697 490 1730 P
530 1698 565 1731 A
601 1698 632 1731 1.
667 1699 702 1731 A
737 1700 766 1732 Ε
805 1700 826 1733 s
864 1701 896 1734 Τ
931 1703 965 1735 R
998 1702 1045 1736 A.

107 1763 249 1810 Certo
276 1781 374 1812 vox
394 1766 635 1812 muliebris
661 1767 779 1812 auris
807 1769 961 1833 tetigit
987 1788 1125 1817 meas.

104 1835 236 1880 Num
265 1834 526 1898 Ampelisca
556 1837 750 1885 obsecro
773 1840 862 1886 ’sti’

456 1928 494 1962 A
527 1930 570 1963 M
603 1930 633 1963 P
668 1932 699 1964 Ε
735 1933 766 1965 Ι,
801 1933 821 1965 1
857 1932 879 1966 s
916 1935 943 1968 c
979 1934 1025 1968 A.

743 1994 892 2052 Ten’,
919 1997 1172 2053 Palaestra,
1200 1995 1375 2042 audio?

457 2076 1040 2124 P‘ALAESTRA.
1286 2093 1310 2117 ο

106 2148 244 2217 Quin
268 2164 414 2208 voco,
447 2162 502 2197 ut
524 2169 604 2198 me
625 2154 813 2212 audiat,
836 2157 1034 2220 nomine
1062 2159 1191 2204 illam
1212 2175 1307 2203 suo.

102 2221 386 2284 Ampelisca!

119 2335 121 2338 γ
443 2301 491 2333 ,Α
526 2302 570 2334 Μ
604 2301 633 2334 P
666 2301 698 2334 1:
733 2302 764 2334 L
798 2303 820 2335 1
860 2303 883 2338 s
920 2305 947 2338 c
985 2304 1037 2338 A.

414 2368 565 2416 Hem!
597 2370 702 2432 quis
732 2372 830 2419 est?
