1690 2872
86 129 271 205 μηδ’
380 110 674 186 Aen-ns
721 137 1105 185 1v.s<3.11.
1270 137 1365 198 430

438 256 466 288 c
502 255 536 288 Η
573 254 606 287 Α
645 255 678 287 R
714 254 756 288 M
793 255 814 287 1
851 255 886 287 D
922 255 953 286 E
990 255 1025 288 s.

88 323 208 393 Quis
233 338 322 388 ego
348 340 453 369 sum
479 323 645 387 igitur,
665 323 902 384 siquidem
924 324 960 370 is
982 339 1083 370 non
1110 339 1215 370 sum
1233 357 1246 380 ,
1278 324 1365 384 qui

548 397 692 443 sum?

414 490 438 524 s
476 490 511 523 Y
546 491 573 524 c
608 491 641 524 ο
679 491 707 524 Ρ
743 490 778 524 Η
813 491 848 524 A
884 493 919 525 N
954 493 986 525 ‘r
1022 492 1068 524 A.

702 559 839 629 Quid
869 559 920 605 id
947 559 1007 605 ad
1034 575 1113 604 me
1144 558 1367 604 adtinet?

88 629 224 676 Dum
253 631 332 677 ille
362 647 424 677 ne
457 632 539 689 sis,
575 649 724 693 quem
752 649 839 696 ego
872 649 965 678 esse
1000 633 1145 689 nolo,
1176 632 1231 676 sis
1262 648 1367 676 mea

343 721 497 751 caussa
514 740 528 762 ‚
560 706 646 766 qui
670 705 820 750 lubet.

90 774 223 822 Prius
250 793 350 822 non
377 778 411 822 is
434 795 527 824 eras
545 812 558 835 ‚
583 778 669 838 qui
702 794 817 824 eras:
852 794 984 824 nunc
1015 779 1052 823 is
1079 777 1224 823 factus
1240 813 1254 836 ‚
1281 779 1367 839 qui

341 862 450 898 tum
489 868 591 898 non
624 867 733 896 eras.

446 917 1041 978 cuARM1nfi5.

92 1009 194 1076 Age
226 1011 264 1058 si
290 1013 411 1075 quid
438 1013 542 1076 agis.

414 1106 437 1140 S
474 1106 511 1138 Y
546 1107 573 1138 C
610 1104 642 1138 Ο
680 1105 709 1138 P
746 1105 781 1138 H
816 1103 851 1137 A
885 1105 919 1138 N
955 1105 987 1138 T
1022 1104 1072 1138 A.

412 1175 558 1242 Quid
585 1191 671 1239 ego
703 1175 869 1238 agam?

442 1268 471 1300 c
506 1268 542 1301 H
578 1269 614 1303 A
654 1270 689 1302 R
724 1270 767 1302 M
803 1269 824 1302 1
860 1258 895 1302 i>
934 1269 964 1302 E
1002 1269 1041 1303 s.

665 1333 853 1396 Aurum
876 1336 1039 1382 redde.

417 1428 441 1463 S
480 1429 515 1462 Y
554 1430 582 1462 C
620 1430 653 1463 Ο
691 1431 720 1465 P
756 1430 791 1462 H
824 1432 860 1464 A
894 1433 927 1465 N
966 1432 997 1464 T
1033 1431 1083 1464 A.

912 1501 1180 1557 Dormstas,
1208 1517 1362 1547 senex.

446 1589 474 1622 c
510 1590 546 1623 Η
583 1588 618 1623 A
653 1592 687 1625 R
723 1592 767 1624 M
801 1593 822 1625 1
857 1595 893 1626 D
928 1594 958 1626 Ε
995 1593 1031 1627 5.

92 1654 250 1703 Fassus
281 1655 583 1703 Charmidem
608 1658 788 1704 dedisse
811 1677 980 1706 aurum
1002 1661 1122 1707 tibi?

416 1758 1070 1796 SYcoPnANTA.
1292 1802 1300 1814 χ

879 1830 1123 1877 Scribtum
1156 1819 1367 1890 quidem.

450 1923 477 1955 C
514 1923 548 1956 Η
582 1924 618 1957 A
652 1925 687 1958 R
722 1925 766 1957 M
799 1926 821 1958 1
856 1927 892 1959 D
927 1927 957 1958 E
994 1925 1032 1959 S.

92 1984 339 2046 Properas,
365 2003 425 2033 an
447 2003 546 2034 non
575 2005 795 2052 properas
822 1993 948 2039 abire
973 2005 1188 2040 actutum
1215 1995 1276 2041 ab
1303 1995 1371 2041 his

344 2061 648 2124 'regionibus,

32 2179 35 2181 a
91 2130 386 2180 Dormitator
405 2169 418 2191 ‚
446 2136 727 2197 priusquam
756 2154 844 2203 ego
874 2140 951 2186 hic
978 2151 1026 2187 te
1054 2142 1206 2205 jubeo
1241 2143 1367 2188 mul-

344 2210 435 2254 cari
466 2211 624 2255 male?

419 2301 441 2334 S
477 2303 513 2335 Y
548 2303 575 2336 C
612 2303 645 2337 O
679 2304 709 2338 P
744 2305 780 2339 H
815 2306 850 2340 A
885 2307 919 2342 N
954 2309 987 2342 T
1023 2308 1069 2343 A.

93 2357 465 2427 Quamobrem?
