1630 2866
60 177 249 227 .v.147
384 164 679 212 ACTUS
734 166 772 212 Ι.
833 165 940 213 SC.
995 168 1112 215 ῙΙῙ.
1280 179 1374 230 157

92 273 195 318 Illic
220 273 368 318 homo
401 287 534 318 meus
566 282 654 316 est:
692 270 779 315 nisi
811 285 974 316 omnes
1006 270 1088 316 Dii
1120 286 1200 317 me
1226 282 1375 335 atque

349 343 566 388 homines
607 342 860 398 deserunt,

92 416 330 465 Exossabo
358 435 446 481 ego
478 418 615 462 illum
648 417 862 463 simulter
889 417 1061 464 itidem
1097 429 1153 464 ut
1186 437 1373 469 murae<

353 507 465 536 nam
499 507 695 550 coquus.

89 559 184 607 Sed
206 577 358 619 nunc,
381 562 628 617 Calidore,
650 577 842 622 operam
859 572 905 606 te
923 561 1041 607 mihi
1060 563 1173 610 volo
1196 563 1324 611 dare.

448 655 475 688 C
511 656 547 689 A
577 655 609 688 L
645 655 668 688 I
702 656 738 689 D
774 655 807 688 O
845 655 881 688 R
916 654 952 687 U
988 654 1023 687 S.

921 714 1111 776 Ecquid
1136 716 1374 778 imperas?

445 800 475 832 P
513 800 535 834 S
571 801 602 833 E
639 799 676 833 U
711 801 747 833 D
783 800 816 834 O
846 799 878 832 L
915 799 950 832 U
988 800 1028 834 S.

88 859 198 906 Hoc
231 876 318 924 ego
339 860 576 922 oppidum
610 860 915 920 admoenire,
948 872 1004 908 ut
1034 860 1180 907 hodie
1209 864 1365 926 capia-J

340 945 416 978 tur
432 967 446 990 ,
471 934 598 978 volo.

81 1001 161 1048 Ad
179 1019 284 1050 eam
307 1019 413 1049 rem
429 1020 517 1048 usu
535 1003 588 1048 ’st
604 1003 852 1049 hominem
872 1014 1079 1050 astutum
1092 1038 1109 1063 ‚
1133 1006 1363 1069 doctum,'

328 1069 498 1122 scitum
515 1109 530 1132 ‚
559 1086 606 1121 et
631 1076 858 1122 candum
875 1111 889 1134 ,

78 1148 178 1217 Qui
210 1148 439 1210 imperata
468 1147 631 1194 effecta
676 1148 843 1195 reddat
859 1184 875 1207 ,
911 1166 1014 1196 non
1048 1152 1135 1212 qui
1167 1153 1364 1219 vigilans

340 1219 555 1266 dormiat.

435 1307 462 1338 c
501 1306 536 1338 A
572 1306 603 1339 Ι,
639 1307 660 1339 1
698 1308 734 1340 D
771 1308 803 1340 o
839 1310 874 1342 R
909 1307 944 1341 U
981 1309 1019 1343 s.

74 1363 209 1411 Cedo
239 1364 388 1422 mihi,
424 1365 543 1425 quid
573 1383 618 1411 es
649 1366 886 1414 facturus?

426 1449 455 1481 P
491 1448 513 1481 S
548 1449 579 1482 E
616 1450 652 1483 U
686 1452 723 1483 D
764 1452 796 1485 Ο
830 1453 861 1485 L
899 1453 935 1486 U
971 1455 1010 1488 S.

695 1511 926 1574 Tempori
957 1530 1043 1577 ego
1077 1515 1185 1561 faxo
1214 1504 1352 1566 'sciese

68 1579 197 1629 Nolo
226 1581 302 1627 bis.
320 1581 506 1628 iterare:
537 1594 603 1627 sat
627 1583 690 1628 sic
712 1584 879 1648 longae
913 1585 1036 1631 fiunt
1064 1586 1281 1635 fabulae.

422 1676 450 1708 C
485 1674 520 1707 A
554 1674 586 1707 L
621 1675 643 1706 1
679 1675 715 1707 D
755 1675 787 1708 Ο
824 1677 858 1709 R
894 1670 931 1708 U
966 1676 1002 1709 S.

66 1731 341 1795 Optumum
367 1745 514 1795 atque
543 1734 897 1794 aequissumum
932 1752 1043 1781 oras.

417 1817 447 1850 P
483 1818 505 1851 S
542 1817 573 1849 E
612 1817 647 1850 U
682 1819 719 1850 D
756 1818 788 1851 O
825 1818 856 1851 L
893 1818 929 1851 U
964 1818 1003 1852 S.

510 1877 740 1939 Propera,
767 1879 927 1925 adduc
956 1880 1205 1929 hominem
1230 1886 1344 1934 citos

62 1946 204 1991 Pauci
237 1962 298 1992 ex
333 1949 492 1994 multis
527 1960 638 1995 sunt
673 1950 838 2008 amici,
879 1952 1065 1998 homini
1098 1955 1185 2015 qui
1222 1957 1342 2004 certi

312 2019 444 2064 sient.

417 2105 444 2136 c
480 2105 516 2137 A
551 2107 582 2139 1.
618 2107 641 2140 1
677 2109 712 2141 D
749 2111 781 2142 o
818 2111 852 2144 R
887 2111 923 2143 U
958 2112 1001 2146 s.

60 2161 163 2227 Ego
195 2162 289 2208 scio
323 2163 454 2209 istuc.

414 2249 443 2281 P
482 2248 504 2282 S
539 2250 571 2284 E
607 2249 644 2283 U
679 2252 715 2283 D
752 2251 785 2284 Ο
819 2252 850 2284 L
887 2252 921 2285 U
959 2253 994 2286 S.

228 2307 351 2372 Ergo
379 2308 623 2369 utrimque
652 2309 742 2356 tibi
768 2325 895 2356 nunc
925 2312 1170 2360 delectum
1192 2323 1329 2378 parazj

53 2375 129 2423 Ex
150 2380 310 2426 multis
341 2380 537 2440 exquire
562 2381 657 2430 illis
680 2398 863 2443 unum,
891 2384 977 2445 qui
1002 2396 1154 2433 certus
1179 2388 1279 2438 siet.
