1630 2866
270 185 328 231 16
616 179 1193 229 POENULUS.
1455 195 1554 244 v.3‘

270 293 394 339 Nam
422 291 580 336 nullae
609 290 751 354 magis
775 305 844 334 res
875 288 996 335 duae
1027 291 1134 351 plus
1169 291 1332 355 negoti

263 364 493 422 Habent,
532 361 653 407 forte
682 362 718 406 si
747 360 983 422 occeperis
1014 377 1256 408 exornare.

269 439 443 498 Neque
472 452 705 496 umquam
736 435 837 481 satis
868 435 955 480 hae
982 434 1103 480 duae
1131 452 1203 482 res
1231 447 1490 501 ornantur,

269 514 442 573 Neque
476 510 537 556 eis
568 511 664 555 ulla
697 510 897 555 ornandi
930 509 1032 554 satis
1065 510 1243 557 satietas
1274 523 1356 558 est.

267 587 432 647 Atque
463 586 578 631 haec
604 595 660 630 ut
679 584 885 644 loquor,
917 598 1048 628 nunc
1074 581 1227 630 modo
1258 584 1399 631 docta
1431 585 1555 633 dico:

268 661 395 708 Nam
419 675 506 704 nos
527 673 676 718 usque
705 657 763 703 ab
789 672 950 702 aurora
977 656 1038 701 ad
1063 656 1156 703 hoc
1184 657 1321 718 quod
1345 658 1441 704 diei
1460 670 1558 720 est,

266 734 344 781 Ex
372 733 603 778 industria
630 732 796 777 ambae
830 748 1102 793 numquam
1131 731 1503 778 concessavimus

269 807 463 864 Lavari,
488 816 568 851 aut
595 805 771 863 fricari,
803 817 885 852 aut
912 806 1116 870 tergeri,
1151 816 1233 852 aut
1260 805 1442 864 ornari,

267 882 444 939 Poliri,
477 881 713 942 expoliri,
744 881 907 944 pingi,
940 881 1083 945 fingi.
1120 891 1168 926 et
1191 896 1289 927 una

267 955 412 1001 Binae
440 954 630 1017 singulis
661 970 784 1012 quae
817 954 951 999 datae
978 953 1115 999 nobis
1139 954 1364 1012 ancillae,

266 1028 363 1075 Eae
392 1044 477 1072 nos
506 1024 737 1081 lavando,
768 1025 979 1070 eluendo
997 1059 1011 1081 ,
1043 1041 1238 1086 operam
1260 1026 1522 1075 dederunt:

268 1095 651 1162 Aggerundaque
681 1111 804 1155 aqua
829 1105 939 1140 sunt
963 1094 1050 1141 viri
1085 1094 1184 1142 duo
1217 1095 1394 1142 defessi.

269 1172 431 1234 Apage
458 1170 513 1216 sis
530 1204 542 1227 ,
573 1169 736 1232 negoti
761 1180 998 1229 quantum
1024 1169 1074 1213 in
1096 1169 1296 1218 muliere
1314 1186 1411 1217 una
1434 1173 1526 1219 est!

270 1242 366 1289 Sed
390 1258 504 1288 vero
529 1239 678 1297 duae,
715 1251 781 1285 sat
815 1239 910 1286 scio
928 1274 941 1298 ,
969 1256 1199 1289 maxumo
1229 1241 1315 1286 uni

265 1317 487 1379 Popu10,
513 1315 628 1375 quoi
657 1315 795 1360 lubet
811 1350 823 1372 ,
849 1316 956 1376 plus
985 1315 1086 1359 satis
1113 1314 1224 1361 dare
1249 1316 1374 1377 potis
1401 1327 1527 1364 sunt.

271 1391 410 1460 Quae
441 1398 603 1433 noctes
633 1386 829 1448 diesque
864 1387 996 1433 omni
1025 1387 1076 1432 in
1108 1398 1257 1434 aetate
1280 1403 1467 1452 semper

272 1463 518 1507 Ornantur
535 1494 548 1516 ,
583 1460 799 1504 lavantur
817 1494 830 1516 ,
861 1470 1131 1522 tergentur,
1156 1461 1420 1521 poliuntur.

269 1536 514 1582 Postremo
532 1569 547 1592 ,
582 1534 755 1580 modus
789 1533 1034 1580 muliebris
1070 1534 1231 1580 nullus
1259 1545 1356 1594 est,

268 1607 445 1670 Neque
482 1625 717 1669 umquam
743 1607 948 1654 lavando
979 1618 1027 1653 et
1052 1607 1263 1653 fricando
1293 1607 1467 1656 scimus

271 1683 441 1729 Facere
478 1698 603 1726 eum.
641 1698 752 1726 nam
785 1697 907 1741 quae
941 1682 1092 1726 lavata
1115 1690 1182 1725 est
1200 1713 1215 1736 ,
1250 1679 1336 1724 nisi

273 1755 489 1800 Perculta
508 1764 592 1809 est,
607 1769 717 1797 meo
738 1752 941 1812 quidem
957 1751 1137 1808 animo,
1157 1750 1290 1811 quasi
1303 1750 1464 1798 illauta
1478 1761 1563 1803 est,

541 1844 1302 1879 ANTERASTILIS.

272 1908 421 1959 Miror
450 1906 707 1966 equidem,
745 1921 900 1962 soror,
938 1916 985 1951 te
1012 1906 1148 1952 istaec
1176 1907 1239 1952 sic
1269 1907 1496 1968 fabulari,

270 1967 417 2052 =Quae
449 1992 548 2026 tam
582 1980 747 2025 callida
781 1991 828 2026 et
866 1980 1008 2026 docta
1031 1981 1086 2025 sis
1117 1992 1164 2027 et
1189 1980 1348 2028 faceta.

272 2054 397 2100 Nam
430 2069 582 2113 quom
615 2052 782 2097 sedulo
811 2052 1056 2098 munditer
1084 2068 1170 2098 nos
1201 2053 1459 2113 habemus,

273 2125 371 2172 Vix
404 2141 636 2189 aegreque
673 2126 984 2170 amatorculos
1014 2124 1295 2172 invenimus.

514 2211 1399 2267 'ADELPHASIUM'

275 2278 347 2323 Ita
380 2288 458 2323 est.
494 2294 664 2324 verum
698 2279 789 2324 hoc
820 2295 976 2325 unum
1010 2292 1170 2327 tamen
1202 2280 1430 2343 cogitato:

273 2350 451 2397 Modus
482 2351 706 2396 omnibus
737 2352 787 2398 in
819 2352 987 2413 rebuS,
1029 2370 1195 2412 soror,
1230 2361 1489 2413 optumum
1506 2348 1562 2396 'st

528 2423 708 2470 habitu·
