1598 2814
104 166 229 224 v.65
433 161 724 210 ACTUS
777 162 813 207 Ι.
868 159 966 208 SC.
1018 159 1092 206 11.
1295 174 1386 219 523

110 273 293 322 Habitu
307 272 388 330 ’st,
412 272 565 319 istunc
590 271 651 317 ad
673 271 872 318 amicam
897 285 1044 316 meras
1070 267 1389 329 querimonias

358 343 549 392 referre.

463 430 499 462 D
538 429 560 462 1
593 429 628 462 N
663 427 698 461 A
732 429 768 462 R
801 427 829 461 C
864 427 899 461 H
934 427 970 461 U
1004 426 1043 461 S.

109 491 280 538 Vostra
309 491 467 536 hercle
495 489 673 536 factum
694 489 861 554 injuria
876 523 893 548 ,
913 506 1037 551 quae
1061 488 1390 552 properavistis

369 563 488 610 olim

113 637 307 699 Rapere.
335 636 485 683 otiose
511 636 750 699 oportuit:
781 636 867 682 diu
893 648 951 683 ut
977 654 1122 684 essem
1140 636 1389 683 incolumis

363 708 516 754 vobis.

467 796 503 829 A
541 795 565 829 s
603 796 635 828 'r
670 794 706 828 A
740 795 769 828 P
806 796 842 829 Η
875 796 897 829 1
933 796 969 829 U
1003 796 1062 830 M.

111 851 311 901 Amator
334 854 471 902 simili
488 855 544 901 'st
573 854 741 916 oppidi
770 856 982 906 hostilis„

470 951 509 985 D
542 951 566 984 1
600 951 635 983 N
670 949 707 982 A
740 950 775 983 R
810 950 837 982 c
874 950 909 983 Η
943 950 980 983 U
1016 949 1056 983 s.

706 1008 824 1077 Quo
849 1018 1133 1072 argumento
1163 1007 1264 1054 est?

466 1094 1060 1130 ASTAPHIUM.

1207 1149 1392 1222 Quam-

110 1220 326 1268 Primum
348 1219 607 1283 expugnari
622 1219 747 1281 potis
765 1230 832 1266 est
846 1228 1050 1278 amator,
1068 1221 1390 1282 optumum’st

365 1310 557 1341 amlcae.

467 1382 503 1414 D
537 1381 559 1413 1
595 1381 632 1413 N
666 1379 702 1413 A
737 1381 772 1414 R
798 1381 834 1431 Vc
871 1382 906 1414 H
941 1381 977 1414 U
1010 1382 1050 1415 s.

113 1440 215 1504 Ego
258 1440 415 1486 fateor.
465 1441 548 1486 sed
578 1441 722 1503 longe
763 1441 896 1486 aliter
929 1451 997 1486 est
1035 1441 1210 1486 amicus
1238 1434 1387 1502 'atque

366 1520 557 1555 amator.

116 1580 258 1630 Certe
281 1582 438 1628 hercle
468 1599 616 1643 quam
634 1593 928 1629 veterrumus
952 1583 1137 1629 homini
1162 1595 1391 1645 optumus

371 1664 439 1698 est
469 1669 654 1699 am1cus.

116 1725 231 1771 Non
248 1726 404 1771 hercle
424 1725 703 1772 occiderunt
723 1726 838 1772 mihi
860 1716 1002 1784 etiam
1020 1725 1158 1772 fundi
1179 1738 1226 1772 et
1242 1727 1388 1774 aedes.

471 1807 1060 1856 A's’rAPHIUM.

118 1877 214 1924 Cur
229 1912 244 1936 ,
273 1877 463 1924 obsecro
477 1912 492 1935 ‚
524 1895 635 1943 ergo
665 1890 773 1926 ante
796 1881 972 1927 ostium
988 1896 1078 1942 pro
1096 1881 1262 1944 ignoto
1279 1882 1389 1927 alie-

369 1966 534 2011 noque
565 1948 750 1999 adstas?

116 2025 142 2072 1
161 2025 299 2072 intro.
331 2025 462 2071 haud
489 2026 666 2073 alienus
681 2039 737 2074 tu
755 2027 956 2089 quidem
982 2044 1038 2074 es.
1069 2044 1184 2073 nam
1210 2038 1386 2074 ecastor

373 2099 617 2144 neminem
641 2099 787 2146 hodie

118 2170 256 2236 Mage
275 2182 399 2216 amat
424 2170 567 2216 corde
581 2183 726 2233 atque
743 2172 902 2218 animo
920 2189 1006 2218 suo
1017 2206 1031 2229 ,
1049 2171 1286 2232 siquidem
1310 2171 1391 2216 ha-

376 2244 459 2290 bes
486 2243 695 2290 fundum
721 2254 867 2305 atque
896 2244 1032 2290 aedis.

474 2330 510 2362 D
549 2330 569 2362 1
605 2330 639 2363 Ν
677 2329 711 2362 Α
748 2328 782 2362 R
819 2328 846 2361 c
883 2327 919 2361 Η
954 2326 989 2361 U
1025 2326 1061 2362 s.

123 2389 182 2436 In
199 2389 340 2435 melle
357 2399 467 2436 sunt
482 2390 668 2453 linguae
684 2389 796 2436 sitae
805 2399 987 2437 vostrae
1000 2401 1144 2450 atque
1162 2389 1392 2436 orationes
