1598 2814
193 170 287 217 570
420 158 1223 210 TRUCULENTUS.
1377 182 1473 224 v.5

186 266 282 312 Hic
310 280 442 311 nunc
471 267 584 312 volo
615 265 727 311 scire
752 265 927 313 eodem
949 277 1118 328 Paete,
1145 269 1242 316 sine
1258 271 1386 316 malo
1407 269 1474 316 fa-

381 331 386 334 ·
440 340 649 386 teamini.
1464 337 1469 341 ’

186 412 499 482 Quamquam
527 428 612 458 vos
641 413 894 459 colubrino
924 413 1118 478 ingenio
1144 415 1310 470 ambae
1342 416 1473 467 estis;

443 486 579 532 edico
608 486 766 547 prius,
1115 493 1117 495 ’

185 558 259 605 Ne
292 558 504 621 duplices
537 560 741 606 habeatis
770 560 978 626 linguas3
1027 575 1090 607 ne
1126 560 1477 625 ego-bilingues

446 650 531 679 vos
557 649 753 679 necem:

185 709 286 755 Nisi
310 709 347 755 si
369 709 430 755 ad
458 710 798 756 tintinnaculos
828 724 912 755 vos
940 708 1077 755 voltis
1107 707 1250 755 educi
1278 709 1415 755 viros.
1473 711 1476 714 ’

573 802 642 851 ‚A
675 804 709 837 N
745 803 771 836 c
808 802 828 835 1
865 803 895 835 L
932 802 962 835 L
999 801 1046 835 A.

184 868 266 918 Vis
283 871 470 934 subegit
485 887 654 918 verum
671 869 803 916 fateri
813 888 826 920 ;
852 869 915 916 ita
933 870 1034 916 lora
1047 869 1246 916 laedunt
1265 870 1467 917 brachia.

546 965 572 997 c
610 965 645 998 A
679 964 709 996 L
745 964 776 997 L
814 965 834 997 1
869 965 896 997 (3
932 964 963 997 L
998 964 1030 998 E
1068 963 1106 998 s.

184 1028 266 1089 At,
284 1032 319 1076 si
334 1048 501 1079 verum
519 1032 636 1079 mihi
654 1033 776 1079 eritis
788 1032 942 1091 fassae,
970 1033 1135 1080 vinclis
1155 1033 1476 1080 exsolvemini..

543 1127 579 1159 D
616 1127 636 1158 1
674 1127 707 1159 N
747 1127 782 1159 A
817 1128 850 1160 R
890 1128 917 1160 c
957 1128 990 1160 H
1029 1128 1065 1160 U
1092 1127 1137 1161 s.

181 1193 338 1240 Etiam
365 1212 524 1253 nunc,
549 1198 671 1257 quid
697 1197 754 1243 sit
780 1197 972 1261 negoti,
1002 1197 1139 1243 falsus
1156 1196 1470 1258 'incertusque

436 1286 572 1314 sum:

181 1339 280 1387 Nisi
303 1343 415 1403 quia
436 1344 586 1391 timeo
608 1332 790 1390 ‘tamem

597 1437 633 1471 A
668 1439 702 1471 N
738 1439 766 1471 c
804 1439 824 1471 1
863 1439 894 1472 L
928 1439 960 1472 L
997 1438 1046 1472 A.

690 1499 792 1563 Ego
818 1514 933 1557 nee,
967 1498 1088 1560 quid
1107 1499 1300 1560 peccavi
1315 1533 1330 1557 ,
1354 1499 1467 1546 scio.

541 1593 569 1626 (3
606 1593 642 1626 A
676 1594 706 1626 L
743 1595 774 1627 L
809 1594 830 1627 1
869 1595 896 1627 (3
935 1595 965 1628 L
1000 1595 1030 1627 E
1067 1595 1102 1629 s.

185 1658 425 1705 Omnium
451 1660 666 1721 primum
699 1661 904 1709 diversae
923 1674 1051 1709 state.
1083 1663 1198 1710 hem
1227 1662 1316 1709 sie!
1347 1663 1466 1710 istuc

437 1734 565 1780 volo.

182 1803 315 1851 Neve
351 1806 474 1852 inter
510 1823 596 1852 vos
629 1808 919 1872 significetis,
959 1824 1047 1872 ego
1088 1824 1167 1854 ero
1195 1808 1354 1870 paries.
1370 1809 1468 1886 Ἰο-
1523 1863 1527 1865 Α
1596 1819 1598 1821 ’

437 1895 584 1940 quere
614 1892 679 1927 tu.

602 1973 637 2007 A
674 1976 706 2008 N
745 1976 773 2008 (3
811 1975 832 2008 1
866 1975 898 2008 L
930 1975 961 2008 L
995 1975 1045 2008 A.

186 2031 322 2102 Quid
350 2033 558 2094 loquar?

546 2120 574 2153 (3
611 2120 646 2153 Α
683 2120 713 2153 L
750 2121 780 2154 L
816 2121 837 2154 1
874 2122 900 2154 c
936 2120 968 2154 L
1003 2121 1034 2154 E
1071 2121 1111 2156 s.
1432 2156 1445 2173 υ

240 2180 375 2249 Quid
394 2198 546 2242 puero
562 2181 740 2227 factum
759 2182 838 2239 ’st,
857 2198 964 2228 mea
983 2198 1131 2242 quem
1148 2180 1333 2244 peperit
1345 2180 1464 2238 filia,

183 2252 296 2300 Meo
313 2255 511 2316 nepoti?
531 2256 682 2318 capita
698 2271 856 2303 rerum
873 2256 991 2301 mihi
1009 2256 1246 2319 expedite.

599 2349 635 2383 A
667 2350 702 2383 N
736 2349 763 2383 C
799 2349 821 2382 1
854 2350 886 2384 L
922 2349 954 2382 L
992 2348 1040 2382 A.

1206 2399 1323 2446 Istae
1341 2397 1465 2446 dedi.
