1630 2866
181 183 274 232 124
487 167 1210 247 1³5231J1301,1Js.⁸
1362 189 1458 224 ω

259 363 723 421 Acrus
810 348 1382 424 P'RsrMUS.

587 522 925 573 SCENA
1019 526 1061 571 I.

172 669 814 710 PSEUDOLUS,
868 672 1461 727 CALIDORU'S.

533 818 1125 855 PSEUDOLUS.

171 870 247 982 S
266 949 285 981 1
322 952 382 982 ex
414 948 460 983 te
490 948 676 984 tacente
708 939 807 984 fieri
834 955 1020 1000 possem
1046 939 1213 986 certior
1233 974 1249 998 ‚
1328 977 1332 979 >
1361 933 1364 936 ⁴

172 1005 331 1064 Here,
363 1025 485 1068 quae
513 1009 724 1054 miseriae
753 1020 800 1054 te
829 1019 928 1054 tam
953 1009 1121 1055 misere
1149 1018 1418 1069 macerant,

173 1077 399 1125 Duorum
428 1081 577 1126 labori
608 1097 696 1144 ego
723 1080 982 1125 hominum
1008 1081 1250 1141 parsissem
1269 1083 1467 1141 lubens,

172 1149 272 1195 Mei
305 1163 352 1196 te
379 1153 613 1216 rogandi,
643 1163 691 1198 et
723 1152 796 1198 tui
825 1152 1146 1214 respondendi
1175 1155 1309 1201 mihi.

172 1221 222 1268 N
226 1240 317 1270 unc
352 1226 583 1286 quoniam
618 1226 671 1271 id
704 1226 804 1271 fieri
832 1242 934 1271 non
966 1236 1154 1288 potest,
1186 1228 1429 1275 necessiths

175 1295 259 1342 Me
289 1299 490 1363 subigit,
525 1310 581 1346 ut
616 1310 664 1345 te
687 1299 904 1363 rogitem.
940 1299 1176 1361 responde
1205 1301 1345 1347 mihi:

175 1369 313 1438 Quid
337 1383 430 1430 est,
468 1374 607 1434 quod
634 1385 688 1419 tu
717 1372 1011 1419 exanimatus
1035 1373 1139 1437 jam
1169 1374 1256 1420 hos
1286 1375 1466 1421 multos

433 1447 532 1493 dies

179 1514 339 1562 Gestas
376 1519 568 1566 tabellas
605 1533 797 1580 tecum,
837 1538 909 1568 eas
940 1519 1156 1568 lacrumis
1187 1520 1300 1566 lavis
1319 1553 1335 1576 ‚

176 1584 352 1648 Neque
381 1591 452 1636 tui
485 1593 764 1656 participem
797 1594 963 1641 consili
995 1595 1293 1655 quemquam
1324 1591 1469 1636 facis?

178 1659 418 1722 Eloquere
434 1700 449 1723 ,
478 1678 533 1712 ut
557 1669 694 1728 quod
723 1685 811 1732 ego
836 1668 991 1714 nescio
1009 1702 1022 1725 ,
1048 1667 1099 1712 id
1116 1677 1278 1712 tecum
1309 1664 1464 1720 sciam.

276 1800 279 1803 ¹
539 1759 566 1792 c
603 1761 637 1793 A
672 1761 703 1793 L
738 1762 760 1793 1
795 1763 831 1794 D
869 1762 901 1794 ο
938 1763 972 1795 R
1007 1761 1042 1793 U
1079 1759 1117 1794 s.

179 1813 347 1863 Misere
379 1819 520 1865 miser
552 1836 687 1877 sum,
718 1820 982 1866 Pseudole!

536 1913 1120 1948 PSEUDOLUS.

1016 1973 1074 2020 Id
1103 1986 1150 2021 te
1173 1972 1397 2034 Juppiter

181 2033 474 2085 Prohibessit.

545 2117 571 2150 C
611 2117 646 2150 A
682 2115 713 2149 L
748 2116 770 2149 I
804 2117 840 2150 D
880 2115 913 2149 Ο
949 2117 982 2150 R
1018 2115 1053 2148 U
1089 2114 1128 2148 S.

488 2176 618 2222 Nihil
643 2177 735 2222 hoc
759 2176 888 2234 Jovis
916 2175 977 2221 ad
1005 2175 1245 2239 judicium
1270 2173 1463 2242 adtInet7

186 2242 287 2292 Sub
319 2245 512 2294 Veneris
546 2265 692 2313 regno
725 2249 931 2310 vapulo,
963 2263 1064 2293 non
1093 2247 1181 2292 sub
1207 2245 1348 2303 Jovis.

544 2344 573 2377 P
612 2342 634 2375 s
669 2343 700 2376 E
737 2341 773 2374 U
808 2343 844 2375 D
883 2342 915 2374 o
955 2341 985 2373 L
1021 2339 1056 2372 U
1092 2339 1131 2372 s.

188 2399 321 2448 Licet
349 2420 427 2449 me
460 2404 511 2450 id
541 2404 653 2451 scire
681 2403 801 2464 quid
817 2403 910 2449 sit?
940 2417 1053 2447 nam
1077 2410 1131 2445 tu
1148 2415 1226 2444 me
1245 2396 1469 2444 antidhac
