1630 2866
79 176 212 225 mago
423 155 712 211 ACTUS
766 156 806 204 Ι.
857 153 963 203 SC.
1009 156 1048 202 Ι.
1269 160 1365 222 121

80 271 172 317 Per
200 282 355 315 ceram
384 278 433 313 et
461 266 619 312 linum
647 266 895 325 literasque
928 263 1204 325 interpretes

81 341 297 391 Salutem
327 340 477 387 mittit
492 374 507 396 ,
539 349 587 384 et
613 339 811 383 salutem
833 336 914 382 abs
938 346 987 382 te
1018 337 1199 398 expetit
1215 369 1231 394 ‚

82 416 365 463 Lacrumans
390 413 618 460 titubanti
649 411 811 458 animo
828 444 843 468 ,
877 408 1046 467 corde,
1077 421 1125 455 et
1153 419 1363 471 pectorea

444 515 471 547 c
508 515 543 546 A
578 513 609 546 L
644 513 665 545 1
701 513 737 545 D
776 511 809 545 o
849 512 883 545 R
918 510 955 543 U
989 509 1029 544 s.

81 581 230 629 Perii!
262 582 460 627 salutem
492 595 731 639 nusquam
762 577 956 625 invenio
971 610 987 636 ‚
1017 575 1251 624 Pseudole
1267 610 1284 637 ,

85 655 252 724 Quam
281 655 351 700 illi
380 654 631 701 remittam.

436 746 465 779 P
499 745 524 778 s
558 745 589 777 Ε
626 744 661 777 U
695 745 732 777 D
771 745 805 778 ο
839 744 871 778 Ι.
908 743 943 776 U
977 742 1016 778 s.

632 814 798 884 Quam
829 813 1064 861 salutem?

437 907 1024 943 CALIDORUS.

1065 959 1367 1026 Argenteum

439 1039 468 1072 P
507 1037 531 1072 S
567 1038 599 1070 E
634 1037 670 1071 U
705 1039 741 1071 D
785 1039 817 1071 Ο
856 1038 888 1071 1.
926 1037 961 1070 U
996 1036 1035 1072 S.

80 1110 173 1156 Pro
206 1109 405 1173 lignean’
435 1109 583 1154 salute
605 1107 674 1155 vis
701 1118 969 1171 argenteam

79 1181 339 1230 Remittere
369 1182 469 1228 illi?
495 1182 608 1229 vide
636 1181 721 1238 εἰς,
759 1197 908 1241 quam
933 1191 990 1227 tu
1021 1197 1126 1228 rem
1153 1197 1295 1247 geras.

436 1271 1033 1307 CALIDORUS.

80 1326 245 1386 Recita
271 1339 447 1385 modo:
481 1355 543 1384 ex
576 1338 758 1385 tabellis
785 1340 886 1403 jam
919 1338 1031 1386 faxo
1063 1340 1202 1399 scies,

83 1413 249 1514 Quam
267 1414 427 1458 subito
454 1424 647 1476 argento
676 1413 746 1457 mi
776 1429 884 1458 usus
913 1413 1111 1460 invento
1137 1415 1233 1460 siet.

443 1505 1029 1540 PSEUDOLUS.

83 1573 220 1620 Leno
250 1590 330 1620 me
354 1590 549 1637 peregre
578 1574 721 1618 militi
755 1574 1040 1620 Macedonio

82 1647 224 1694 Minis
253 1647 419 1712 viginti
447 1646 699 1703 vendidit,
729 1648 948 1708 voluptas
981 1664 1115 1693 mea:

83 1719 146 1767 Et
171 1721 447 1781 priusquam
476 1721 587 1766 hinc
614 1721 750 1778 abiit,
769 1722 1046 1782 quindecim
1062 1721 1198 1767 Miles
1218 1723 1368 1771 minas

82 1790 315 1842 Dederat;
337 1808 468 1838 nunc
485 1808 609 1838 unae
631 1793 851 1854 quinque
867 1806 1161 1840 remorantur
1183 1796 1364 1848 minaea

84 1862 154 1910 Ea
178 1879 330 1910 caussa
357 1865 492 1910 Miles
514 1866 592 1911 hic
624 1866 817 1927 reliquit
846 1867 1151 1929 symbolum,
1195 1903 1202 1910 .

84 1937 360 1997 Expressam
390 1938 440 1982 in
466 1954 571 1984 cera
599 1955 660 1984 ex
685 1941 830 1985 anulo
858 1957 990 1986 suam
1018 1940 1300 2004 imaginem,

85 2005 154 2052 Ut
191 2007 277 2068 qui
312 2008 406 2054 huc
435 2010 614 2056 afferret
640 2012 738 2074 ejus
764 2013 964 2058 similem
995 2013 1300 2076 symbolum,

86 2078 213 2124 Cum
238 2095 294 2124 eo
316 2080 457 2125 simul
489 2098 568 2127 me
601 2083 822 2129 mitteret.
857 2086 899 2130 ei
929 2087 996 2131 rei
1028 2086 1126 2131 dies

84 2151 217 2198 Haec
251 2153 547 2214 praestituta‘
551 2164 593 2199 st
606 2188 621 2211 ,
657 2171 893 2215 proxuma
919 2157 1156 2220 Dionysia.

443 2246 1025 2283 CALIDORUS.

91 2276 198 2361 Cras
220 2331 272 2361 ea
295 2315 495 2376 quidem
521 2326 640 2360 sunt.
662 2330 811 2377 prope
833 2315 963 2363 adest
988 2316 1190 2366 exitium
1210 2316 1330 2364 mihi
1341 2337 1364 2382 ,j

84 2386 183 2434 Nisi
215 2387 335 2448 quid
360 2387 519 2433 mihi
507 2403 558 2434 m
585 2398 632 2432 te
664 2397 731 2433 est
759 2386 923 2435 auxili
