1598 2814
214 147 307 206 558
440 144 1245 199 TRUCULENTUS.
1367 154 1498 202 v.66

210 254 506 302 Machaeram
524 253 790 318 longiorem
807 254 976 313 habes,
995 272 1143 318 quam
1166 259 1281 305 haec
1308 271 1388 306 est.
1413 260 1497 307 sed

464 342 633 372 verum

209 402 319 450 Sine
357 402 477 449 dum
514 414 676 464 petere
691 437 705 461 ,
750 404 992 478 siquidem
1035 405 1411 472 belligerandum
1439 410 1495 456 'st

465 488 641 523 tecum.

212 550 304 596 Ibo
337 550 541 597 domum
558 586 571 608 ‚
602 568 688 615 ego
706 563 867 598 tecum
883 587 897 610 ,
922 553 1122 602 bellator
1136 589 1151 614 ‚
1171 556 1399 603 arbitrum
1419 573 1497 604 ae-

465 642 619 687 quom
649 627 874 688 ceperim.

209 697 306 744 Sed
334 715 420 763 ego
441 716 564 746 cesso
583 716 661 745 me
679 699 790 747 hinc
806 701 991 748 amoliri
1005 736 1021 760 ,
1039 714 1205 752 ventre
1225 703 1346 753 dum
1363 705 1492 756 salvo

463 773 574 819 licet
587 774 609 819 Ξ)

498 917 535 963 S
585 915 624 963 C
668 918 713 964 E
757 918 812 964 N
851 920 892 966 A
983 920 1204 968 VIII.

209 1057 782 1094 PHRONESIUM‚
841 1036 1492 1096 STRATO'PHANES.

536 1186 1196 1222 PHRONEsrum.

205 1241 312 1352 D
319 1316 449 1350 ATIN
468 1302 640 1348 soleas?
661 1312 807 1362 atque
825 1317 904 1346 me
922 1301 1052 1346 intro
1069 1309 1287 1346 actutum
1306 1300 1489 1348 ducite:

204 1378 329 1423 Nam
351 1376 469 1421 mihi
492 1375 552 1420 de
580 1386 729 1421 vento
757 1375 948 1421 miserae
975 1373 1232 1421 condoluit
1255 1387 1410 1438 caput.

467 1459 1257 1494 STRATOPHANES.

205 1523 343 1594 Quid
358 1522 476 1568 mihi
492 1521 713 1567 futurum
726 1522 800 1579 ’st‚
818 1522 936 1582 quoi
955 1521 1079 1574 duae
1093 1522 1287 1582 ancillae
1305 1522 1492 1582 dolent,

206 1598 398 1668 Quibus
420 1607 465 1642 te
484 1596 692 1642 donavi?
704 1596 869 1660 jamne
885 1595 1068 1642 abiisti?
1095 1596 1232 1656 hem,
1249 1598 1312 1643 sic
1330 1592 1491 1644 datur!

205 1672 323 1740 Quo
345 1681 486 1731 pacto
513 1667 758 1715 excludis?
789 1685 964 1729 quaeso
994 1669 1146 1730 potin'
1174 1669 1391 1732 planius,

206 1744 372 1812 Quam
383 1742 596 1788 exclusus
614 1756 744 1786 nu-nc
759 1740 896 1786 sum?
907 1741 1110 1802 pulchre
1124 1741 1354 1788 ludificor.
1366 1741 1492 1789 sine&

204 1815 456 1886 Quantillo
474 1814 593 1859 mihi
614 1830 758 1874 opere
776 1829 908 1860 nunc
929 1813 1200 1875 persuaderi
1221 1825 1409 1880 potest,

204 1889 270 1934 Ut
298 1904 385 1952 ego
418 1887 688 1950 suffringam
720 1886 844 1931 hisce
872 1888 988 1932 talos
1010 1887 1120 1932 totis
1147 1887 1358 1934 aedibus.

204 1963 338 2008 Num
359 1961 607 2023 quidpiam
629 1977 825 2006 avarum
848 1972 903 2006 ut
921 1960 982 2006 ad
995 1978 1149 2006 mores
1166 1960 1459 2022 mulierum?

203 2035 463 2095 Postquam
491 2034 693 2079 filiolum
720 2035 937 2095 peperit,
968 2034 1149 2079 animos
1179 2033 1389 2079 sustulit:
1422 2026 1426 2027 ⁷

204 2107 346 2152 Nunc
361 2141 374 2163 ,
402 2107 533 2167 quasi
556 2105 675 2151 mihi
692 2105 817 2152 dicat
833 2141 846 2163 ‚
876 2107 976 2152 Nec
1002 2117 1049 2152 te
1067 2106 1251 2171 jubeo,
1269 2117 1487 2154 nec-veto

203 2181 404 2226 Introire
432 2180 482 2225 in
511 2180 648 2226 aedis.
678 2190 726 2225 at
755 2196 843 2244 ego
872 2182 988 2227 nolo
1007 2215 1021 2238 ‚
1045 2196 1148 2226 non
1175 2196 1258 2235 eo.-

203 2254 304 2317 Ego
330 2254 594 2300 faxodicat
620 2271 698 2299 me
726 2254 776 2299 in
811 2253 979 2299 diebus
999 2254 1220 2316 ¹pauculis

206 2326 424 2374 Crudum
456 2327 615 2375 virum
649 2344 759 2374 esse.
799 2342 998 2388 sequere
1033 2343 1112 2373 me
1147 2326 1245 2371 hac.
1281 2322 1485 2370 verbum

465 2412 532 2448 sat
563 2413 643 2448 est.
