1690 2872
109 135 243 169 V.20
385 112 690 163 ·ACTUS
743 113 859 158 III.
911 110 1015 158 SC.
1067 111 1143 158 ῙῙ.
1299 112 1390 173 363

108 227 191 274 Ad
207 223 539 288 quaerendum
558 223 797 268 honorem
819 239 829 265 ε
863 230 920 266 tu
947 217 1125 277 fecisti,
1149 229 1205 264 ut
1231 218 1396 264 diffici-

364 297 417 342 lis
445 296 572 341 foret

111 369 266 431 Culpa
283 383 508 415 maxume
527 378 575 412 et
589 365 784 422 desidia,
802 364 995 426 tuisque
1007 365 1155 411 stultis
1166 363 1390 410 moribus·

46 479 54 485 .
109 441 446 503 Praeoptavisti
463 474 478 496 ‚
516 455 731 485 amorem
765 438 1018 499 tuum'uti
1055 437 1223 484 virtuti
1255 453 1392 499 prae-

360 526 572 576 poneroe.

107 589 250 635 Nunc
282 598 331 633 te
356 587 448 633 hoc
477 597 617 648 pacto
644 586 795 632 credis
816 601 948 648 posse
967 585 1191 649 obtegere
1218 582 1391 630 errata?

365 659 449 706 ah!
481 675 584 705 non
610 659 673 705 ita
702 671 783 705 est.

110 735 237 798 Cape
263 735 318 780 sis
344 735 571 782 virtutem
601 734 760 781 animo
775 768 790 791 ‚
815 744 864 779 et
888 731 1031 779 corde
1060 732 1244 793 expelle
1272 732 1389 779 desi-

292 857 306 871 ·
369 807 496 853 diam
524 819 638 852 tuo:
1223 821 1227 823 ’

108 882 168 927 In
189 880 295 927 foro
322 897 513 942 operam
534 880 691 926 amicis
715 879 801 937 da,
819 877 949 925 haud
967 878 1020 923 in
1041 879 1166 924 lecto
1191 878 1390 936 amicae,

360 965 416 999 ut
443 953 603 999 solitus
637 970 693 999 es.

109 1025 272 1087 Atque
291 1041 378 1088 ego
397 1024 540 1069 istum
557 1040 721 1088 agrurn
738 1025 827 1070 tibi
843 1025 1049 1085 relinqui
1067 1024 1131 1071 ob
1154 1039 1258 1070 eam
1285 1041 1390 1071 rem

366 1095 507 1142 enixe
539 1108 738 1157 expeto:

108 1168 175 1217 Ut
200 1169 288 1216 tibi
318 1169 376 1215 sit
395 1203 409 1227 ‚
442 1168 527 1229 qui
556 1180 604 1214 te
639 1168 877 1233 contigere
898 1169 1066 1230 possis:
1101 1185 1163 1215 ne
1185 1170 1388 1216 omnino

361 1256 574 1302 mopiam

111 1315 246 1362 Cives
257 1315 491 1379 objectare
500 1314 680 1375 possint
692 1313 797 1370 tibi,
807 1329 928 1373 quos
943 1324 996 1359 tu
1008 1315 1222 1362 inimicos
1231 1316 1386 1362 habes.

436 1405 467 1437 L
499 1392 534 1438 2
571 1405 593 1439 s
631 1407 659 1437 B
696 1407 729 1439 o
768 1408 801 1439 N
837 1406 859 1438 1
894 1407 922 1438 c
960 1407 995 1439 U
1032 1407 1068 1440 s.

111 1467 288 1512 Omnia
310 1482 397 1529 ego
411 1500 425 1522 ‚
455 1465 557 1511 istic
578 1482 700 1526 quae
721 1466 905 1523 dixisti,
932 1467 1026 1512 scio
1039 1501 1054 1523 ,
1073 1470 1151 1512 vel
1176 1469 1384 1533 exsigna-

361 1555 497 1584 veto:

110 1609 175 1656 Ut
209 1626 311 1656 rem
353 1611 551 1671 patriam
580 1622 629 1657 et
654 1613 892 1676 majorum
925 1613 1120 1693 gloriam
1156 1612 1386 1660 foedarim

361 1700 541 1729 meum.

110 1754 325 1803 Sciebam
357 1767 413 1801 ut
435 1773 528 1802 esse
550 1774 630 1803 me
647 1758 856 1804 deceret:
886 1757 1036 1804 facere
1061 1774 1162 1804 non
1188 1758 1385 1820 quibam

361 1847 524 1876 miser:

110 1903 182 1948 Ita
214 1902 262 1948 vi
289 1901 483 1949 Veneris
514 1904 698 1950 vinctus
719 1938 734 1962 ,
772 1905 871 1951 otio
898 1917 1061 1968 captus
1089 1907 1140 1952 in
1168 1906 1385 1953 fraudem

368 1975 536 2021 incidi:

44 2108 46 2110 v
110 2048 173 2094 Et
198 2047 285 2093 tibi
305 2063 435 2093 nunc
450 2082 463 2104 ‚
488 2049 691 2109 proinde
711 2065 762 2095 ac
780 2067 982 2112 merere,
1006 2069 1210 2099 summas
1227 2054 1382 2101 habeo

362 2121 534 2184 gratias.

462 2207 492 2240 L
530 2208 563 2241 Υ
600 2207 622 2241 s
658 2208 679 2240 1
715 2209 747 2241 Τ
781 2209 811 2242 Ε
847 2210 876 2242 1.
912 2211 943 2243 Ε
984 2211 1021 2244 s.

111 2266 176 2314 At
217 2285 410 2331 operam
443 2269 596 2330 perire
629 2285 787 2315 meam
818 2271 910 2328 sic,
947 2284 994 2330 et
1034 2283 1082 2318 te
1112 2273 1224 2320 haec
1259 2276 1383 2323 dieta

370 2344 514 2389 corde
543 2359 789 2406 spernere,
