1630 2866
87 148 211 197 v.91
350 130 661 180 ACTUS
712 129 814 179 IV.
866 125 975 179 SC.
1028 133 1148 181 IV..
1280 149 1372 198 323

89 241 259 287 Nullus
289 236 559 284 ostenderis.
594 236 631 281 si
657 234 766 281 falsa
791 233 970 290 dicam,
1000 233 1165 280 frustra
1189 233 1371 280 dixero.

89 312 188 360 Vos
220 322 379 358 tamen
412 310 549 355 istaec
576 343 592 366 ,
633 307 878 370 quidquid
909 307 1004 353 illic
1038 309 1178 354 ineiit
1198 342 1213 366 ‚
1240 308 1376 355 vobis

343 383 591 429 habebitis.

90 457 185 506 sed
209 458 246 505 si
274 467 414 504 erunt
437 472 574 513 vera,
596 464 705 501 tum
724 454 916 501 obsecro
944 466 995 501 te
1010 488 1026 512 ‚
1051 466 1108 502 ut
1130 471 1238 503 mea
1252 456 1371 516 mihi

806 525 1083 574 reddantur.

478 623 515 655 D
554 621 590 655 A
622 619 654 653 E
690 621 733 654 M
770 621 803 654 o
840 622 873 655 N
910 621 941 653 Ε
977 621 1012 653 s.

1203 675 1378 722 Placet.

85 740 170 801 Jus
189 751 379 787 merum
398 757 499 787 oras
516 775 531 798 ,
547 756 660 785 meo
683 739 884 800 quidem
907 738 1083 784 animo.

446 840 478 872 Τ
512 841 548 873 R
582 839 617 871 A
651 839 679 871 c
716 838 752 871 Η
788 838 824 871 A
859 839 890 871 1.
925 839 946 871 1
985 839 1035 872 ο.

923 899 995 946 'Ac
1020 915 1133 945 meo
1153 933 1168 957 ‚
1199 899 1373 947 hercle.

546 981 580 1015 G
618 984 652 1016 R
688 983 709 1016 1
744 983 772 1015 P
810 983 845 1016 U
880 983 918 1016 s.

93 1050 228 1123 Quid
258 1050 296 1097 si
323 1051 407 1097 ism
427 1061 509 1096 aut
529 1050 870 1111 superstitiosa,
899 1063 982 1098 aut
1009 1049 1150 1098 ariola
1177 1063 1271 1110 est,
1304 1063 1376 1100 at·-

350 1140 447 1185 que
484 1139 669 1180 omma,

91 1195 349 1266 Quidquid
368 1196 502 1253 insit,
526 1211 634 1267 vera
662 1195 819 1240 dicet?
843 1210 969 1240 anne
988 1196 1183 1243 habebit
1201 1198 1375 1251 ariola?

477 1299 513 1331 D
551 1299 584 1331 A
618 1299 649 1331 Ε
688 1298 731 1330 Μ
769 1298 801 1331 o
836 1298 868 1330 Ν
905 1298 935 1329 Ε
974 1297 1013 1331 S.

92 1367 206 1412 Non
229 1366 378 1423 feret,
410 1365 499 1411 nisi
525 1383 634 1412 vera
658 1367 809 1412 dicet:
844 1367 1179 1427 nequidquam
1209 1368 1373 1414 ariola-

348 1436 493 1482 bitur.
1208 1433 1213 1437 ’

95 1506 236 1554 Solve
269 1506 491 1552 vidulum
522 1522 664 1569 ergo,
695 1516 782 1561 ut,
811 1506 1058 1566 quidquid
1087 1509 1143 1553 sit
1173 1525 1369 1568 verum,

348 1593 495 1637 quam
523 1592 738 1638 primum
765 1592 919 1622 sciam.

550 1679 583 1711 G
618 1681 651 1712 R
685 1679 707 1711 1
743 1679 771 1711 Ρ
808 1678 844 1711 U
881 1678 916 1712 s.

95 1746 204 1792 Hoc
225 1745 391 1792 habet!
427 1747 637 1793 solutum
654 1747 729 1792 ’πε
763 1747 823 1793 ah
840 1779 854 1804 ‚
883 1747 1025 1808 perii!
1056 1747 1199 1795 video
1222 1749 1375 1797 cistel-

530 1839 533 1841 ’
840 1821 1003 1866 lularn.

476 1912 513 1945 D
551 1913 588 1946 A
621 1908 653 1947 E
688 1914 802 1947 M«o
837 1914 870 1946 N
904 1913 935 1946 E
970 1911 1010 1945 S.

1015 1974 1250 2020 Haeccine
1274 1976 1375 2020 est?

458 2067 1042 2101 PALAESTRA.

99 2132 242 2184 Istaec
282 2146 362 2183 est.
410 2151 440 2182 o
471 2135 568 2181 mei
602 2136 844 2197 parentes!
888 2136 965 2182 hic
1004 2154 1087 2183 vos
1130 2140 1375 2185 conclusos

358 2225 484 2273 gero.

102 2284 212 2332 Huc
256 2297 466 2347 opesque
504 2294 703 2344 spesque
739 2286 953 2332 vostrfitfi
988 2284 1369 2349 cognoscendum

352 2355 559 2403 condidi.

1075 2428 1124 2475 X
1158 2445 1183 2480 2
