1630 2866
67 150 194 241 {63
370 177 643 226 ACTUS
693 178 755 226 v.
809 178 912 226 se.
966 140 1066 228 1'v.
1255 193 1350 230 ωι-

359 297 1082 333 ADELPHASIUM.

66 357 203 429 Quid
229 359 280 406 in
300 359 378 424 jus
408 375 545 406 vocas
573 375 658 404 nos
678 392 692 416 ,
721 359 844 419 quid
871 359 961 406 tibi
986 359 1249 408 debbmus?

321 458 1110 495 AGORASTOCLES.

1038 519 1338 566 Dicetuilli.

354 607 390 639 A
426 608 461 639 D
497 608 527 640 E
563 608 594 640 L
629 608 659 641 P
695 609 731 642 H
766 610 800 643 A
836 611 861 645 S
896 611 917 644 Ι
953 611 989 644 U
1027 612 1081 645 M.

61 665 216 712 Etiam
253 682 337 712 me
358 683 492 712 meae
521 668 689 713 latrant
716 670 889 715 canes?

317 764 1102 805 AGORASTOCLES.

686 827 753 874 At
788 840 845 874 tu
876 829 1030 875 hercle
1063 830 1336 878 adludiatoz

56 898 184 945 Dato
218 899 342 945 mihi·
374 915 462 960 pro
496 898 589 945 offa
622 900 831 958 savium,
866 917 955 963 pro
996 919 1094 948 osse
1126 904 1338 967 linguam

75 963 81 968 ’
310 970 532 1034 objicite:

55 1042 129 1088 Ita
151 1042 271 1089 hanc
288 1058 453 1089 canem
468 1042 634 1089 faciam
659 1044 749 1090 tibi
777 1046 885 1091 oleo
912 1048 1300 1108 tranquilliorem,

73 1132 76 1135 ’
539 1143 576 1176 Η
610 1143 646 1176 Α
686 1145 721 1178 N
757 1145 791 1179 N
827 1146 872 1179 Ο.

51 1191 125 1238 Ite
141 1226 156 1250 ,
178 1193 216 1238 si
239 1193 327 1240 itis.

340 1271 1075 1310 ADELPHASIUM.

307 1339 443 1408 Quid.
465 1356 552 1386 nos
587 1340 785 1388 fecimus
815 1343 938 1389 tibi?

526 1437 564 1470 Η
596 1438 632 1470 A
665 1439 698 1471 N
734 1441 770 1473 N
807 1441 853 1474 ο.

844 1502 985 1548 Fures
1018 1494 1121 1550 estis
1153 1507 1329 1552 ambae.

339 1590 1070 1631 ADELPHASIUM.

52 1647 367 1697 Nosnetibi?
811 1653 813 1655 ’

534 1727 865 1764 ΗΑΝΝΟ.

190 1786 301 1839 Ὺοε
319 1822 334 1846 ,
366 1789 580 1850 inquam.

294 1884 1080 1925 AGORASTOCLES.

358 1945 520 2006 Atque
553 1964 639 2010 ego
670 1948 778 1994 scio.
856 1959 865 1963 ’

338 2042 1060 2084 ADELPHASIUM.

590 2105 727 2172 Quid
760 2106 877 2153 furti
908 2111 1098 2166 est‘id?

304 2180 1085 2242 AconAszrocLEs.

970 2265 1114 2311 Hunc
1140 2282 1316 2332 rogato.

531 2331 566 2364 H
600 2333 635 2366 A
668 2335 702 2368 N
736 2337 771 2369 N
791 2337 855 2372 ,0.

48 2384 178 2453 Quia
194 2402 339 2435 annos
357 2391 533 2438 multos
555 2393 667 2440 filias
685 2412 810 2442 meas
834 2399 1057 2448 celavistis
1076 2406 1196 2453 clam
1213 2426 1317 2457 me:

1017 2476 1062 2521 G
1100 2493 1125 2538 3
