1630 2866
116 198 248 247 v.33
429 174 698 230 ACTUS
742 174 842 223 IV.
891 172 1003 222 SC.
1054 173 1094 221 1.
1309 184 1406 236 199

612 299 636 337 S
673 299 694 332 1
731 298 774 334 M
810 297 832 333 1
866 295 918 333 A.

956 346 1110 397 Potin·
1138 356 1195 394 ut
1217 344 1402 393 taceas?

477 438 508 471 P
545 436 567 470 S
604 437 634 470 E
673 436 710 477 U
743 437 780 471 D
815 435 849 471 Ο
885 436 917 477 L
955 435 991 468 U
1027 435 1069 470 S.

121 499 194 550 Im
222 517 303 549 me
325 498 407 548 Dii
431 510 606 545 ament.

610 583 633 618 S
670 584 692 617 1
729 583 774 620 M
806 583 829 618 1
863 581 911 616 A.
987 617 989 620 ,

274 646 345 691 Ita
362 660 463 691 non
481 644 675 701 facient,
698 659 824 690 mera
836 643 934 706 jam
955 639 1201 688 mendacia
1218 638 1401 686 fundes.

479 738 508 770 1²
545 736 568 770 s
604 737 634 770 Ε
673 737 707 770 u
744 738 779 770 D
817 736 850 770 o
887 736 917 768 L
955 735 991 768 U
1027 734 1065 768 s.

125 798 190 846 Ut
217 814 305 865 ego
340 797 406 846 ob
431 809 594 856 tuam,
632 795 806 854 Simia,
841 796 1091 860 perfidiam
1125 806 1174 840 te
1209 810 1317 840 amo
1357 804 1404 840 et

378 882 573 928 metuo,
606 880 654 915 et
680 868 958 933 magnifico!

608 963 631 997 s
667 964 688 997 1
724 964 767 997 M
804 963 825 996 1
861 963 910 997 A.

127 1027 228 1092 Ego
263 1025 383 1073 istuc
415 1024 512 1071 aliis
542 1023 653 1070 dare
688 1021 942 1070 condidici.
989 1022 1107 1068 mihi
1147 1022 1402 1070 obtrudere

376 1114 477 1146 non
508 1109 643 1160 potes
673 1098 885 1160 palpum.

481 1192 510 1225 P
548 1191 571 1226 S
606 1192 638 1233 E
674 1191 711 1225 U
746 1193 782 1226 D
820 1191 853 1226 O
888 1191 919 1225 L
957 1191 990 1225 U
1028 1191 1064 1225 S.

126 1250 193 1300 Ut
222 1267 310 1318 ego
337 1262 386 1299 te
425 1251 570 1298 hodie
604 1251 830 1313 accipiam
858 1251 1020 1313 lepide
1037 1285 1054 1310 ,
1086 1251 1173 1298 ubi
1202 1251 1408 1298 effeceris

870 1324 965 1370 hoc
990 1341 1107 1386 opus
1121 1325 1131 1369 !

614 1407 915 1442 SIMIA.

1140 1462 1409 1515 Hahahe!

487 1534 1071 1571 PSEUDOLUS.

131 1598 319 1662 Lepido
339 1598 471 1647 victu
488 1632 502 1655 ‚
532 1598 647 1644 vino
667 1632 682 1656 ,
707 1596 961 1662 unguentis
975 1631 989 1654 ,
1013 1607 1061 1643 et
1090 1598 1213 1645 inter
1237 1601 1410 1660 pocula

382 1670 702 1733 pulpamentis
722 1689 731 1714 :

132 1743 319 1791 Ibidem
337 1759 432 1790 una
449 1742 598 1788 aderit
616 1742 786 1788 mulier
802 1740 961 1802 lepida
977 1777 991 1801 ,
1010 1742 1102 1789 tibi
1129 1743 1250 1791 savia
1270 1758 1411 1805 supet

382 1816 503 1863 savia
528 1832 649 1876 quae
678 1815 776 1861 det.

617 1907 640 1942 s
677 1909 698 1942 1
734 1909 777 1942 M
812 1907 833 1941 1
870 1906 920 1940 A.

136 1958 317 2022 Lepide
346 1959 511 2022 accipis
543 1977 636 2006 me.

489 2053 519 2085 P
554 2052 577 2086 s
611 2052 642 2086 E
679 2053 715 2086 u
750 2055 786 2086 D
827 2054 860 2087 o
894 2035 926 2086 1'.
963 2052 998 2085 u
1035 2052 1074 2087 s.

364 2112 523 2181 Immo
551 2113 588 2158 si
622 2114 789 2172 efficis,
819 2125 928 2160 tum
960 2113 1072 2159 faxo
1102 2113 1247 2177 magis
1277 2114 1414 2160 dicas.

627 2205 650 2239 s
687 2206 707 2237 1
744 2206 789 2240 M
822 2206 844 2239 1
882 2205 933 2244 A,

141 2269 241 2315 Nisi
270 2266 489 2324 effecero,
519 2267 827 2313 cruciabiliter
847 2266 1071 2312 carnufex
1100 2283 1178 2312 me
1200 2266 1413 2327 accipito.

143 2341 237 2389 Sed
257 2357 459 2405 propera
475 2341 595 2386 mihi
611 2351 896 2399 monstrare,
923 2339 1010 2387 ubi
1030 2339 1205 2385 ostium
1232 2339 1417 2386 lenonis

401 2413 609 2461 aediu'm.
1086 2427 1091 2431 “

1103 2484 1212 2545 N4
