1630 2866
238 212 330 262 180
555 210 1193 267 PSEUDOLUS.
1419 234 1511 270 v.1

566 396 972 446 SCENA
1058 402 1169 450 IV.

226 536 866 579 CALIDORUS..
939 542 1506 587 cHARINUS,·

558 639 1182 680 PSEUDOLUS.

582 788 1164 826 CALIDORUS.

222 848 328 960 D
340 924 418 959 ΠΙ.
432 923 542 959 CIA
575 924 723 976 atque
749 891 904 962 {maxa
926 916 1056 979 apud
1085 927 1134 964 te
1158 928 1266 965 sum
1292 919 1505 969 elocutus

474 1000 650 1030 omma.

217 1052 314 1100 Scis
337 1069 550 1101 amorem
563 1088 578 1113 ,
597 1055 679 1101 scis
698 1056 909 1103 laborem
927 1092 941 1114 ,
965 1060 1046 1104 scis
1067 1071 1319 1125 egestatem
1333 1080 1501 1112 meam.

607 1159 634 1191 c
670 1158 705 1190 Η
740 1159 774 1191 Α
815 1160 850 1192 R
883 1159 906 1192 1
942 1161 975 1192 N
1012 1161 1048 1194 U
1083 1161 1118 1194 s.

218 1227 527 1274 Conmemini
556 1227 739 1273 omnia:
773 1227 826 1272 id
862 1237 917 1272 tu
950 1229 1134 1288 modo,
1175 1231 1296 1313 quid
1324 1249 1404 1279 me
1432 1234 1501 1281 vis

473 1298 644 1355 facere,
680 1297 752 1344 fac
780 1298 932 1344 sciam.

573 1389 600 1421 c
635 1389 672 1421 A
705 1389 737 1421 1.
773 1389 795 1422 1
830 1391 866 1423 D
909 1390 941 1423 o
978 1391 1013 1424 R
1047 1390 1084 1423 U
1119 1388 1157 1423 s.

219 1459 391 1529 Quom
421 1459 535 1504 haec
564 1458 652 1504 tibi
679 1459 766 1505 alia
790 1476 897 1506 sum
924 1462 1137 1508 elocutus
1153 1495 1169 1520 ,
1197 1471 1254 1508 ut
1281 1462 1413 1510 scires
1436 1463 1499 1510 de

477 1531 713 1593 symbolo.

607 1625 1114 1661 CHARINUS.

215 1698 422 1756 Omnia,
454 1698 668 1758 inquam.
693 1707 750 1742 tu
771 1697 953 1755 modo,
981 1696 1101 1758 quid
1115 1711 1196 1742 me
1223 1694 1373 1742 facere
1395 1698 1491 1755 vis,

466 1771 539 1819 fac
570 1783 626 1818 ut
652 1771 808 1817 sciam.

569 1865 597 1897 c
633 1864 670 1897 A
702 1864 734 1897 1.
770 1863 793 1895 1
827 1863 864 1895 D
906 1861 939 1894 o
975 1861 1010 1895 R
1047 1860 1083 1893 u
1120 1859 1159 1895 s.

213 1933 472 1981 Pseudolus
501 1933 619 1979 mihi
645 1931 710 1977 ita
731 1928 981 1992 imperavit
996 1962 1011 1987 ‚
1033 1938 1090 1974 ut
1113 1927 1324 1990 aliquem
1337 1927 1493 1975 homi-

473 2024 586 2053 nem
614 2016 865 2052 strenuum
881 2037 896 2061 ,

212 2079 590 2127 Benevolentem
615 2078 905 2125 adducerem
926 2076 988 2123 ad
1015 2093 1073 2123 se.

600 2171 628 2204 c
665 2170 699 2203 Η
733 2171 769 2204 A
803 2171 838 2205 R
871 2169 894 2202 1
927 2169 962 2202 Ν
996 2169 1032 2202 U
1074 2167 1110 2202 s.

842 2228 1002 2276 Servas
1029 2221 1485 2290 imperiumprobe3

210 2302 336 2349 Nam
361 2308 411 2349 ef
428 2303 633 2349 amicum
659 2313 707 2349 et
731 2302 1101 2350 benevolentem
1119 2297 1261 2345 ducis.
1289 2293 1371 2342 sed
1384 2293 1485 2340 istic

458 2375 718 2422 Pseudolus

207 2445 370 2494 Novos
398 2447 517 2493 mihi
548 2458 629 2493 est.
