1630 2866
9 127 16 132 ’
80 168 209 228 ’.65
351 164 638 214 Ac‘rus
693 164 794 211 1v.
851 162 963 212 so
1011 165 1093 210 11.
1290 174 1352 224 13

482 285 536 318 -M
572 285 591 317 1
627 285 657 318 L
691 284 720 316 P
754 283 789 316 H
824 284 844 316 1
883 283 932 316 Ο.

83 345 363 405 Numquam
396 345 570 407 edepol
592 344 798 390 mortalis
829 344 1080 406 quisquam
1108 333 1190 388 fiet
1218 358 1244 388 e
1271 357 1351 387 me

333 418 501 463 certior
520 438 538 473 ,·

82 489 184 540 Nisi
205 489 320 536 hero
347 507 458 535 meo
491 490 576 535 uni
607 489 866 546 indicasso{
899 499 1042 551 atque
1062 488 1104 534 ei
1127 502 1352 548 quoque,

304 586 306 591 ·
343 574 399 609 ut
423 580 483 609 ne
516 564 732 610 enuntiet

84 636 144 683 Id
172 653 264 683 esse
291 635 469 682 facinus
492 652 551 682 ex
577 647 625 681 te
651 647 820 682 ortum.
863 680 874 686 j
1056 620 1062 641 ¹
1300 651 1323 668 -

386 729 1096 765 SYNCERA-STUS.

459 802 461 807 ’
518 792 643 837 Μῑῠε
670 791 882 846 credam,
908 802 954 836 et
976 789 1162 836 credam
1180 799 1354 835 tamen.

84 861 179 909 Sed
204 864 295 910 hoc
319 875 375 910 tu
399 874 559 910 tecum
585 865 781 911 tacitum
810 864 997 910 habeto.

388 946 392 948 ’
504 953 547 987 Μ
581 954 603 986 1
637 953 668 986 L
704 955 732 986 P
771 953 813 986 n
841 955 862 986 1
900 954 949 986 ο.

641 1012 774 1058 Fidei
809 1028 911 1058 non
939 1011 1105 1057 melius
1134 1010 1354 1056 creditur.

84 1082 304 1144 Loquere
341 1084 503 1145 (locus
533 1083 806 1144 occasioque
833 1085 926 1145 est)
956 1082 1129 1128 libere:
1163 1082 1238 1128 hic
1270 1082 1355 1128 sofi

334 1175 508 1204 sumus.

377 1242 1092 1280 SYNCERASTUS.

83 1301 238 1350 Herus
271 1302 308 1348 si
337 1313 448 1350 tuus
478 1303 609 1349 volet
644 1301 793 1348 facere
827 1301 1010 1366 frugem
1026 1323 1051 1359 ,·
1074 1317 1240 1347 meum
1270 1300 1354 1347 he-

590 1391 698 1422 rum
733 1373 916 1435 perdet.

494 1464 942 1499 MILPHIO.

914 1524 1060 1592 ·Qui
1089 1522 1139 1568 id
1168 1522 1358 1583 potest?

375 1615 1087 1652 SYNCERASTUS.

85 1668 246 1714 Facile.

497 1746 541 1779 M
575 1748 596 1780 1
632 1747 663 1779 L
698 1747 727 1780 P
763 1747 797 1780 H
833 1747 853 1779 Ῑ
891 1748 939 1781 0.

191 1815 199 1818 ’
244 1805 332 1850 Fac
365 1821 473 1869 ergo
506 1805 558 1851 id
596 1805 729 1852 facile
756 1822 946 1852 noscam
966 1840 980 1862 ‚
1011 1816 1068 1852 ut
1100 1806 1180 1851 ifle
1213 1806 1359 1867 possit

797 1895 1000 1925 noscere.

351 1962 1083 2002 ‘SYNCERASTUs

87 2019 216 2090 Quia
242 2018 579 2081 Adelphasium
600 2058 615 2081 ,
651 2035 796 2085 quam
826 2025 964 2070 herus
998 2013 1328 2070 deamat⁸tuus
1343 2056 1360 2082 ,

751 2096 953 2159 ingenua
969 2094 1037 2142 ’st'.

499 2185 543 2218 M
565 2185 600 2222 ,1
635 2185 667 2218 L
701 2185 729 2218 P
766 2187 802 2219 H
838 2188 858 2219 1
893 2188 939 2220 Ο.

1035 2240 1152 2307 Quo
1180 2236 1363 2283 modo?

380 2321 1082 2356 SYNCBRASTUS.
1357 2326 1363 2336 '

89 2377 272 2425 Eodem
291 2413 305 2437 ,
338 2396 437 2440 quo
466 2396 592 2426 soror
614 2380 736 2426 illius
763 2381 903 2426 altera
932 2379 1232 2428 Anterastilis.
