1598 2814
72 190 119 221 ν.
150 190 202 237 13
352 169 640 219 ACTUS
686 170 763 215 11.
809 168 912 215 SC.
966 167 1103 215 VII.
1254 184 1344 230 553

74 280 175 327 Nisi
203 278 440 326 derivetur
455 312 470 335 ‚
520 290 680 324 tamen
713 277 867 323 omnis
900 292 951 322 ea
981 293 1103 337 aqua
1127 275 1263 322 abeat
1300 276 1351 321 in

332 367 475 397 mare.

75 425 199 472 Nam
211 425 302 471 hoc
323 424 374 469 in
390 440 516 469 mare
532 424 629 470 abit
641 458 655 481 ‚
673 423 934 485 misereque
951 423 1074 485 perit
1093 423 1191 470 sine
1216 423 1351 468 omni

328 495 456 542 bona
485 497 638 560 gratia.
670 498 783 544 haec

78 569 247 639 Quom
263 567 405 614 video
430 567 555 620 fieri;
584 570 813 628 suffuror,
844 570 1032 634 suppilo
1049 604 1063 627 ,
1094 569 1154 615 de
1176 569 1351 632 praeda

336 643 560 704 praedam

80 713 238 775 Capio.
267 715 565 781 meretricem
593 733 680 781 ego
706 717 823 763 item
856 733 947 763 esse
979 734 1107 775 reor,
1138 733 1268 763 mare
1297 727 1353 763 ut

331 799 420 833 est:
452 789 587 848 quod
613 789 694 835 des
718 789 941 847 devorat,
965 806 1051 836 nec
1069 807 1304 852 umquam

6 883 16 891 =
80 857 319 904 Abundat.
351 869 399 905 at
434 860 527 905 hoc
555 861 718 906 saltem
753 873 901 907 servat
934 877 1089 914 mare3
1123 862 1258 923 quod
1287 862 1355 906 illi

335 931 519 989 subest,
543 944 760 994 apparet:
789 934 901 980 huic
931 934 1011 980 des

85 1002 439 1072 Quantumvis;
461 1021 698 1066 nusquam
730 1019 949 1068 appaset,
982 1022 1141 1067 neque
1174 1006 1357 1064 datori,

331 1094 492 1139 neque
521 1080 780 1141 acceptrici.

83 1147 230 1195 Velut
258 1152 480 1197 meretrix
502 1169 668 1199 meum
687 1154 859 1199 herum
876 1153 1100 1206 miserum
1119 1171 1201 1200 sua
1221 1154 1359 1200 blan-

333 1226 447 1271 ditia
476 1227 639 1273 intulit
668 1228 719 1273 in

82 1296 385 1359 pauperiem,
408 1300 611 1360 privavit
631 1301 766 1347 bonis
781 1336 796 1360 ‚
818 1303 924 1349 luce
941 1337 954 1360 ‚
978 1303 1162 1350 honore
1178 1339 1190 1361 ‚
1211 1314 1356 1364 atque

343 1388 512 1417 amiels.
1232 1430 1237 1435 ι

84 1440 198 1487 Atat
214 1458 370 1488 eccam
382 1478 395 1500 ‚
411 1445 538 1491 adest
557 1449 840 1508 propinque.
864 1448 1004 1494 credo
1024 1449 1223 1495 audiisse
1242 1450 1355 1496 haec

338 1533 416 1561 me
439 1518 589 1577 loqui.

85 1586 262 1633 Pallida
290 1599 357 1634 est
374 1623 388 1646 ,
416 1600 473 1634 ut
494 1591 680 1652 peperit
706 1608 922 1653 puerum.
950 1591 1208 1652 adloquar,
1231 1593 1362 1654 quasi

342 1664 560 1710 nesciam.

91 1734 251 1793 Jubeo
280 1754 365 1784 vos
393 1739 575 1784 salvere.

407 1823 437 1856 P
475 1824 508 1856 Η
543 1825 576 1857 R
614 1824 646 1858 o
681 1826 717 1858 N
751 1825 781 1858 E
819 1825 842 1859 s
878 1825 899 1858 1
934 1825 971 1856 U
1007 1826 1065 1859 M.

422 1941 428 1946 ¹
474 1884 644 1931 Noster
667 1886 812 1944 Geta,
838 1887 958 1955 quid
986 1887 1113 1950 agis?
1133 1896 1188 1932 ut
1206 1888 1327 1933 vales
1340 1888 1362 1932 Ρ

613 1977 646 2010 G
680 1978 712 2011 E
748 1978 780 2012 Τ
817 1979 865 2012 A.

97 2030 271 2089 Valeo,
308 2043 356 2078 et
372 2035 514 2081 venio
538 2036 599 2082 ad
620 2038 776 2083 minus
794 2041 1058 2091 valentem3
1096 2051 1143 2086 et
1157 2074 1171 2097 ,
1199 2041 1367 2086 melius

356 2106 442 2165 qui
472 2108 651 2166 valeat,
687 2108 801 2155 fero.

99 2175 253 2222 Herus
283 2193 416 2222 meus
433 2211 447 2234 ,
482 2181 656 2224 ocellus
684 2191 823 2239 tuus,
846 2182 907 2228 ad
934 2193 983 2228 te
1003 2182 1121 2228 ferre
1146 2199 1225 2228 me
1253 2183 1367 2229 haec

343 2250 478 2313 jussit
509 2251 596 2296 tibi

95 2321 261 2384 Dona,
283 2341 405 2386 quae
432 2325 535 2370 illos
553 2325 670 2372 ferre
686 2327 843 2385 vides,
879 2339 927 2375 et
954 2329 1033 2376 has
1062 2331 1278 2392 quinque
1296 2346 1367 2376 ar-

348 2409 475 2461 genti
506 2415 666 2445 minas.

260 2529 396 2643 ³⁴}
491 2547 606 2647 v}

391 2637 439 2656 §.n
448 2640 550 2670 ”43³1
563 2647 590 2664 ..-
