1598 2814
192 170 286 214 520
416 150 1228 212 TRUCULENT‘US.
1344 161 1477 214 v.31

547 270 584 305 A
619 271 642 305 S
681 270 713 304 T
749 269 784 303 A
819 269 849 303 P
885 267 920 302 H
955 269 977 302 1
1015 266 1051 302 U
1087 269 1145 303 M.

953 329 1090 398 Quid
1111 330 1241 393 jam,
1269 327 1471 373 amabo?

548 428 585 460 D
622 427 643 459 1
678 425 713 458 N
748 423 783 457 A
821 426 853 457 R
890 423 917 456 c
955 423 988 455 Η
1027 422 1063 455 U
1099 422 1135 456 s.

193 490 391 560 Quialte
408 489 724 536 adducturam
742 488 836 534 huc
856 487 1036 533 dixeras
1053 502 1164 532 eum
1179 485 1335 547 ipsum
1347 517 1360 541 ,
1374 497 1475 528 non

446 579 644 624 eampse.

190 635 335 683 Nunc
354 637 526 682 mulier
543 635 663 699 facta
680 646 748 682 est
768 652 828 682 ex
844 636 972 682 viro:
999 634 1122 680 mala
1141 632 1212 679 es!

549 730 585 762 A
621 728 644 762 S
680 729 711 762 T
747 728 782 762 A
817 730 846 762 P
883 729 919 763 Η
954 729 975 763 Ι
1011 728 1048 761 U
1082 729 1142 762 Μ.

1127 786 1297 833 Praesti
1300 785 1446 850 giator
1461 783 1472 829 !

557 870 593 902 D
632 869 654 902 1
690 869 723 901 N
760 868 795 902 A
830 870 864 903 R
899 867 925 900 C
962 867 997 900 H
1032 866 1068 899 U
1105 865 1141 899 S.

193 929 286 978 Sed
317 930 513 978 tandem
548 919 764 991 loqueie.
816 930 920 992 quis
954 930 991 975 is
1026 930 1177 976 homo
1214 937 1311 985 est,
1344 923 1479 972 Asta-

447 1006 655 1069 phium?
686 1022 841 1053 novus
870 1004 1082 1050 amator?

547 1101 582 1134 A
621 1100 643 1133 s
680 1101 711 1133 T
747 1101 780 1132 A
818 1102 846 1134 P
883 1100 918 1132 Η
954 1100 975 1131 1
1012 1097 1048 1130 U
1085 1097 1144 1130 M.

193 1161 347 1209 Nimis
372 1162 579 1208 otiosum
605 1160 803 1225 arbitror
832 1158 1081 1205 hominem
1103 1170 1196 1200 esse
1218 1163 1281 1199 te.

545 1255 582 1288 D
617 1254 638 1286 1
673 1254 707 1287 N
744 1254 780 1287 A
816 1255 850 1288 R
886 1254 913 1286 c
951 1252 985 1285 Η
1022 1252 1056 1283 U
1094 1250 1130 1284 s.

959 1313 1201 1381 Quianam
1221 1307 1475 1356 arbitrare?

547 1400 581 1432 A
622 1400 644 1434 s
684 1401 716 1432 Τ
752 1399 786 1432 Α
821 1399 849 1431 Ρ
885 1398 920 1431 Η
957 1399 976 1431 1
1014 1396 1049 1430 U
1087 1398 1145 1430 M.

190 1458 318 1530 Quia
335 1471 425 1507 tuo
439 1461 726 1508 vestimento
748 1471 795 1506 et
813 1460 922 1505 cibo
943 1458 1102 1505 alienis
1118 1457 1260 1503 rebus
1281 1470 1424 1502 curas.

549 1557 584 1588 D
624 1556 644 1587 1
683 1555 717 1588 N
755 1555 789 1587 A
820 1553 853 1587 R
889 1553 917 1585 c
952 1553 987 1585 Η
1025 1551 1059 1584 U
1095 1551 1134 1584 s.

187 1615 285 1664 Vos
303 1634 383 1664 me
405 1616 676 1664 reddidistis
701 1616 923 1663 otiosum.

542 1708 579 1742 A
615 1708 637 1743 s
680 1708 711 1740 T
747 1707 781 1739 A
818 1707 847 1739 Ρ
885 1705 919 1738 Η
955 1705 978 1737 1
1012 1702 1047 1735 U
1083 1703 1140 1736 M.
1217 1727 1220 1730 .

672 1766 809 1839 Quid
820 1767 919 1830 jam
935 1799 949 1822 ‚
968 1763 1138 1811 amabo
1150 1762 1174 1808 ?

539 1864 579 1897 D
613 1863 636 1896 1
671 1864 705 1896 N
742 1863 778 1896 A
813 1863 848 1896 R
884 1861 911 1894 c
946 1859 982 1893 Η
1018 1858 1053 1891 U
1091 1858 1127 1891 s.

1088 1919 1188 1982 Ego
1207 1917 1445 1980 expedibo
1455 1922 1470 1963 ε’
1502 1886 1505 1888 -

184 1998 307 2047 Rem
324 1995 511 2061 perdidi
537 1994 666 2057 apud
686 2010 784 2042 vos.
820 2010 931 2042 cum
956 2009 1007 2040 re
1033 2008 1201 2040 meum
1218 1989 1470 2055 negotium

436 2069 699 2116 abstulistis.

181 2142 231 2189 Si
261 2160 364 2190 rem
389 2158 664 2199 servassem,
685 2140 776 2187 fuit
789 2173 802 2197 ,
821 2139 907 2186 ubi
926 2139 1195 2204 negotiosus
1213 2137 1372 2184 essem.¹

539 2239 1138 2277 ASTAPHIUM.

180 2310 256 2356 An
280 2322 385 2358 tute
400 2312 527 2358 bene
546 2327 648 2357 rem
666 2310 911 2373 publicam
927 2320 1008 2354 aut
1025 2305 1195 2353 amoris
1211 2303 1297 2348 alia
1322 2302 1426 2366 lege

180 2382 371 2430 Habere
388 2401 521 2446 posse
540 2394 587 2429 te
605 2384 813 2446 postulas
827 2417 841 2439 ‚
864 2380 983 2443 quin
1000 2391 1055 2425 tu
1072 2377 1249 2424 otiosus
1265 2373 1375 2421 fias?

1592 2759 1598 2768 ι
1596 2735 1598 2744 κ
1590 2693 1598 2718 ι..
1589 2567 1598 2655 -ιιψι
1591 2382 1598 2550 νΜ-Μῌ-
1593 2300 1598 2375 -ῌΛ
