1630 2866
57 211 193 258 v.3o
334 188 619 240 ACTUS
671 189 772 236 IV.
821 186 929 236 SC.
976 187 1083 235 V1.
1251 203 1343 238 211

513 307 897 344 BALLIO.

222 382 355 431 Hem
371 416 389 442 ,
419 381 542 428 illius
574 396 729 427 servos
759 379 855 425 huc
887 377 950 425 ad
982 393 1062 426 me
1094 389 1347 445 argentum

833 451 1034 511 adtulit,

60 521 128 574 Et
155 519 453 584 obsignatum
475 517 767 582 symbolum.

587 618 613 653 S
648 618 670 651 Ι
706 618 750 651 Μ
787 615 835 650 Ο.

790 675 929 746 Quid
959 677 1160 739 postea?

525 772 556 805 Β
593 770 629 804 A
665 771 696 804 1.
730 771 762 804 1,
797 771 820 804 1
855 771 905 804 ο.

67 842 174 914 Qui
205 845 327 890 inter
356 859 436 889 me
465 853 611 904 atque
636 842 775 888 illum
803 841 1009 887 militem
1035 852 1350 889 convenerat:

73 919 119 964 Is
143 935 303 965 secum
330 919 534 965 abduxit
559 917 811 963 mulierem
836 915 971 977 haud
994 917 1153 964 multo
1174 917 1318 979 prius.

286 1039 290 1042 ²
588 1018 611 1053 S
646 1018 670 1051 I
705 1018 750 1052 M
784 1018 835 1052 O·

77 1078 256 1127 Bonan'
275 1078 372 1126 fide
398 1078 519 1125 istuc
552 1077 700 1124 dicis?

526 1171 557 1203 Β
591 1170 628 1204 A
661 1170 694 1204 1.
728 1170 759 1203 1.
794 1171 818 1204 1
855 1170 902 1205 o.
1118 1220 1121 1223 ι

698 1239 839 1286 Unde
870 1256 923 1286 ea
950 1241 1008 1286 sit
1038 1242 1193 1288 mihi?

593 1334 618 1369 s
654 1336 674 1368 1
711 1336 754 1369 M
793 1337 845 1369 o.

78 1400 203 1448 Vide
223 1401 376 1448 modo
390 1435 407 1460 ,
453 1417 517 1448 ne
539 1403 634 1448 illic
659 1404 716 1449 sit
738 1405 1079 1451 contechnatus
1107 1406 1368 1468 quidpiam.

537 1500 566 1532 Β
603 1500 637 1532 Α
676 1501 707 1533 L
743 1502 773 1534 1.
808 1502 829 1533 1
866 1502 914 1534 ο.
1239 1502 1244 1507 ’

83 1567 293 1628 Epistola
320 1576 465 1627 atque
497 1565 653 1628 imago
679 1582 758 1610 me
782 1577 967 1611 certum
994 1564 1119 1611 facit.

87 1641 228 1710 Quin
249 1642 352 1704 jam
386 1639 587 1700 quidem
622 1639 752 1684 issam
779 1639 831 1684 in
861 1638 1119 1701 Sicyonem
1152 1655 1214 1685 ex
1242 1640 1368 1687 urbe

338 1711 543 1758 abduxit
571 1713 741 1759 modo.

548 1808 554 1815 ‘
605 1807 629 1841 S
664 1808 685 1840 1
721 1809 765 1842 Μ
803 1807 852 1841 Ο.

90 1875 219 1921 Bene
242 1876 400 1922 hercle
429 1876 624 1922 factum.
655 1876 776 1937 quid
807 1893 895 1941 ego
928 1890 1054 1922 cesso
1076 1875 1373 1924 Pseudolum

92 1947 290 2003 Facere,
326 1958 381 1992 ut
408 1947 490 1994 det
515 1965 694 1994 nomen
719 1950 780 1995 ad
802 1950 1040 1995 molarum
1068 1949 1338 1995 coloniam?

97 2017 194 2065 Sed
220 2018 325 2079 quis
347 2018 424 2063 hic
454 2019 603 2067 homo
636 2034 705 2068 est
736 2022 1099 2085 chlamydatus?

546 2121 577 2153 Β
613 2122 650 2155 A
683 2124 715 2156 L
749 2123 780 2156 1.
813 2125 836 2157 1
872 2125 921 2158 o.

482 2172 486 2175 ⁴
902 2185 1017 2231 Non
1048 2186 1223 2246 edepol
1250 2186 1344 2231 scio
1362 2216 1380 2241 ,

105 2254 204 2300 N1si
242 2264 299 2301 ut
338 2252 645 2302 observemus
681 2272 782 2317 quo
818 2267 893 2303 eat
910 2290 927 2315 ‚
955 2268 1053 2304 -aut
1092 2274 1241 2318 quam
1278 2274 1380 2303 1em

346 2337 485 2393 gerat.

0 2066 3 2117 ἰ

1053 2497 1159 2545 02
