1630 2866
250 183 346 235 ιώ
583 181 1168 244 POENULus
1434 195 1527 234 m1

621 374 1013 423 SCENA
1110 374 1157 421 V.

246 526 894 581 ANTHEMONIDES,
943 528 1529 569 ΑΒΕᾸΡΗΑειυΜ.

362 631 1041 668 ANTERASTILIS,
1094 607 1410 667 ΗΑΝΝο,

573 735 1225 780 AGORASTossLES.

472 895 1281 939 ANTHEMORNIDES.

245 962 350 1075 SI
386 1043 472 1091 ego
502 1027 682 1071 minam
714 1042 816 1072 non
851 1027 979 1071 ultus
1011 1026 1147 1071 fuero
1174 1027 1356 1089 probe,
1383 1045 1531 1091 quam
1608 1071 1612 1074 .

499 1098 662 1144 lenoni
693 1098 838 1153 deds,

245 1172 374 1218 Tum
390 1171 608 1233 profecto
632 1188 710 1217 me
727 1171 814 1216 sibi
830 1171 1039 1217 habento
1056 1187 1235 1218 scurrae
1250 1173 1525 1222 ludificatui,

245 1244 289 1290 Is
323 1245 465 1291 etiam
500 1261 579 1290 me
613 1245 672 1289 ad
707 1234 963 1305 pran‘dium
996 1244 1056 1290 ad
1087 1261 1134 1290 se
1161 1245 1365 1298 adduxit
1400 1247 1528 1313 igna-

505 1335 736 1366 vlssumus
757 1352 772 1375 ,

245 1392 350 1454 Ipse
378 1392 493 1439 abiit
527 1393 644 1438 foras
663 1429 675 1450 ,
708 1409 787 1438 me
819 1392 1013 1453 reliquit
1038 1409 1128 1454 pro
1155 1394 1340 1439 atriensi
1369 1395 1418 1440 in
1450 1412 1526 1441 aea

507 1467 675 1512 dibus:
1176 1520 1180 1523 Ι

246 1540 342 1587 Ubi
368 1558 454 1588 nec
483 1543 626 1599 leno,
659 1558 820 1602 neque
855 1541 959 1587 illae
986 1542 1219 1600 redeunt,
1264 1559 1356 1589 nec
1388 1543 1527 1604 quod

504 1614 632 1661 edim
668 1615 941 1676 quidquam
964 1616 1139 1662 datur:
1347 1628 1350 1633 ’

245 1686 337 1732 Pro
365 1688 547 1734 minore
576 1700 709 1750 parte
728 1689 899 1750 prandi
923 1689 1091 1752 pignus
1115 1689 1242 1749 cepi,
1271 1688 1363 1734 abii
1385 1689 1522 1736 foras:

246 1760 320 1807 Sic
355 1762 557 1807 dedero:
590 1781 693 1809 aere
720 1764 909 1808 militari
937 1764 1132 1826 tetigero
1163 1764 1491 1810 lenunculum.

245 1833 401 1880 Nactu
419 1835 472 1880 ’st
500 1835 775 1892 hominem,
799 1835 929 1880 mina
958 1851 1104 1895 quem
1126 1837 1302 1900 eugenti
1324 1837 1530 1885 circum«

508 1908 717 1954 duceret.

248 1976 343 2024 Sed
369 1996 476 2025 mea
506 1979 657 2025 amica
687 1977 817 2026 nunti
845 1979 963 2024 mihi
1000 1980 1117 2027 irato
1150 1982 1342 2031 obviam
1370 1986 1529 2032 veniat

499 2052 672 2098 velim!

240 2121 347 2182 Jam
373 2125 459 2185 pol
489 2140 575 2188 ego
603 2125 732 2170 illam
764 2126 936 2190 pugnis
964 2136 1116 2172 totam
1150 2127 1342 2187 faciam,
1382 2139 1437 2175 ut
1468 2129 1524 2174 sit

499 2197 714 2248 morula;

245 2269 318 2315 Ita
343 2270 539 2332 replebo
573 2271 755 2316 atritate
774 2305 788 2328 ,
821 2272 961 2317 atrior
991 2273 1147 2318 multo
1181 2283 1236 2318 ut
1264 2273 1374 2328 siet,

247 2341 412 2411 Quam
436 2342 659 2407 Aegyptii
677 2378 691 2401 ,
718 2345 907 2404 autqui
923 2345 1150 2390 cortinam
1171 2342 1291 2388 ludis
1312 2358 1399 2404 per
1417 2342 1518 2390 Cir-

499 2431 611 2461 cum
643 2415 811 2460 ferunt.
