1598 2814
163 172 257 219 572
390 155 1199 218 TRUCULENTUs.
1323 151 1451 203 me

371 332 376 335 .
522 283 549 315 c
586 281 621 315 A
656 281 686 314 L
723 282 756 315 L
788 276 812 313 1
848 282 875 314 c
911 280 942 313 L
977 280 1008 314 Ε
1043 278 1084 315 s.
1125 299 1127 301 ·

166 342 306 411 Quid
326 359 382 389 eo
409 360 560 405 puero
580 355 663 390 tua
684 344 798 390 hera
818 342 931 390 fecit
944 343 982 389 ?'
1039 351 1041 353 ’

582 428 616 462 A
655 430 689 462 N
727 429 755 461 c
790 429 811 461 1
850 429 880 462 L
915 429 946 461 L
984 427 1031 462 A.

679 489 836 535 Herae
865 505 999 535 meae
1030 488 1276 550 extemplo
1305 486 1452 534 dedit.

523 576 550 608 c
587 575 621 608 A
659 575 689 607 L
729 575 760 608 L
797 575 819 607 1
856 575 883 608 c
920 575 951 607 L
986 574 1018 608 Ε
1053 572 1091 607 s.

163 636 299 704 Quoi
317 670 331 694 ,
359 638 543 682 malum
561 637 589 695 ‚‘
607 637 782 683 herae?

593 723 629 756 A
664 723 698 756 N
735 724 761 755 c
799 725 819 757 1
855 723 886 755 L
925 723 957 756 L
991 721 1039 755 A.
1086 755 1089 757 Α
1136 760 1152 776 .

491 783 631 830 Duae
654 795 767 830 sunt
794 773 922 830 istae.

527 873 555 905 c
593 873 627 905 A
664 873 694 905 L
734 874 763 906 L
798 872 821 905 1
857 872 884 905 c
921 871 951 904 L
988 871 1018 904 E
1059 870 1098 904 s.
1243 906 1246 907 a

621 932 745 979 Cave
767 943 823 979 tu
836 967 851 991 ‚
874 932 963 978 nisi
983 929 1122 993 quod
1138 939 1188 976 te
1206 943 1324 994 rogo
1338 961 1352 986 ‚
1369 926 1459 974 nisi

163 993 232 1041 Ea
259 1010 381 1056 quae
406 997 620 1057 exquiro.
910 1008 914 1012 '

579 1084 628 1117 -A
663 1085 697 1118 N
736 1086 763 1118 c
802 1084 823 1116 1
861 1083 893 1116 L
928 1083 959 1115 L
996 1081 1046 1116 A.

591 1143 744 1189 Mater
762 1143 884 1189 filiae
903 1141 1034 1187 dono
1054 1137 1212 1196 dedit,
1236 1137 1451 1197 inquam.

527 1227 554 1259 c
593 1227 628 1259 A
663 1227 694 1259 L
730 1227 762 1259 L
798 1228 822 1261 1
859 1226 886 1258 c
921 1225 953 1257 L
989 1224 1020 1256 E
1059 1222 1094 1256 s.
1219 1213 1227 1220 ”

163 1285 273 1331 Plus
301 1301 449 1348 quam
468 1286 686 1344 dudum,
710 1287 913 1348 inquam
928 1319 943 1342 ,
961 1285 1179 1344 loquere.

585 1374 624 1408 A
656 1375 691 1407 Ν
727 1373 754 1406 c
790 1373 813 1406 1
847 1373 878 1405 L
915 1370 947 1403 L
983 1370 1035 1403 A.

834 1427 960 1476 *Plus
983 1439 1040 1475 tu
1065 1427 1248 1492 rogitaS.

523 1519 551 1552 c
586 1518 622 1553 A
656 1518 688 1551 L
721 1518 754 1552 L
789 1517 812 1550 1
846 1517 873 1548 c
910 1500 942 1549 L
977 1516 1009 1549 E
1047 1515 1088 1553 s.

660 1632 662 1635 ,
1035 1571 1292 1637 Responde
1313 1570 1456 1618 ocius.

167 1643 304 1714 Quid
327 1645 434 1703 illa,
467 1645 588 1707 quoi
621 1644 824 1691 donatus
854 1642 957 1687 est?

589 1731 626 1764 A
660 1730 695 1763 N
734 1729 760 1760 c
798 1728 820 1760 1
857 1727 889 1760 L
928 1727 959 1760 L
996 1725 1044 1759 A.

910 1784 1200 1848 Supposivit.

525 1876 552 1908 c
588 1873 624 1907 A
658 1873 689 1906 L
723 1873 755 1906 L
790 1872 813 1905 1
847 1873 875 1905 c
910 1871 942 1904 L
978 1870 1009 1903 Ε
1047 1869 1085 1904 s.

538 1999 1040 2054 VANCILLA.

168 2121 449 2167 Profiliolo.

526 2199 553 2232 C
590 2197 624 2231 A
662 2197 693 2230 L
730 2196 760 2228 L
795 2196 816 2228 1
853 2196 880 2228 C
915 2194 947 2228 L
982 2194 1013 2227 E
1051 2193 1092 2227 S.

373 2260 464 2306 Pro
487 2258 664 2305 filiolo?
693 2257 802 2315 Dii,
828 2257 1024 2303 obsecro
1041 2262 1250 2302 vostram
1270 2245 1446 2321 fidem!

169 2329 235 2376 Ut
269 2330 446 2378 facilius
484 2331 572 2377 alia
589 2365 604 2387 ,
647 2345 802 2391 quam>
831 2328 910 2375 illa
942 2325 1075 2374 unde
1109 2333 1176 2370 est
1194 2354 1210 2380 ,
1243 2331 1451 2380 puerum

432 2404 643 2450 alienum
673 2401 818 2464 parit!
