1598 2814
30 174 212 238 ⁴v.33
345 170 632 220 ACTUS
680 170 779 218 IV.
836 169 945 218 SC.
998 171 1115 218 ΙΙΙ.
1282 186 1372 234 573

93 283 224 330 Haec
235 282 396 329 labore
411 282 561 327 alieno
575 297 780 342 puerum
795 281 981 342 peperit
1000 281 1099 327 sine
1115 280 1375 327 doloribus.

89 354 213 403 Puer
232 356 431 417 quidem
451 355 636 401 beatus!
668 365 837 400 matres
855 354 970 403 duas
990 355 1135 402 habet
1147 390 1161 412 ,
1186 367 1234 401 et
1251 356 1374 403 avias

345 428 459 474 duas
479 447 490 474 ε

84 502 195 561 jam
223 512 391 548 metuo
408 535 422 558 ,
446 511 597 561 patres
614 512 738 562 quot
764 500 952 547 fuerint.
982 501 1095 548 vide
1120 502 1174 547 sis
1195 501 1377 550 facinus

343 575 604 621 muliebre!

513 659 549 692 A
585 661 617 693 N
656 660 683 692 C
719 659 741 692 I
777 660 808 693 L
843 660 873 692 L
909 661 958 694 A.

77 721 236 786 Magis
261 721 349 783 pol
372 721 488 767 haec
506 720 693 766 malitia.
716 721 926 781 pertinet
957 721 1018 767 ad
1044 722 1168 768 viros
1185 757 1198 780 ‚
1227 738 1374 783 quam

343 795 405 841 ad
427 795 658 841 mulieres.

88 866 174 915 Vir
191 868 319 914 illam
332 903 347 926 ,
367 885 469 914 non
492 869 662 914 mulier
679 879 983 932 praegnatem
1000 868 1122 914 fecit.

442 962 470 994 c
509 961 545 994 A
580 961 612 994 Ι,
648 962 680 995 L
714 962 736 994 1
774 962 802 994 c
842 963 873 995 L
909 963 939 994 Ε
977 961 1015 995 s.

758 1023 821 1068 Et
846 1022 977 1069 idem
1003 1040 1092 1087 ego
1120 1022 1239 1069 istuc
1266 1024 1374 1071 scio.

88 1091 171 1138 Tu
197 1092 326 1140 bona
354 1094 397 1139 ei
418 1105 574 1141 custos
602 1094 745 1140 fuisti.

507 1189 544 1222 A
578 1189 613 1222 N
648 1189 675 1238 e
713 1189 734 1221 1
771 1189 802 1221 L
840 1187 871 1221 L
896 1188 958 1221 -Α,

648 1249 759 1294 Plus
782 1259 940 1309 potest
955 1282 970 1305 ‚
1001 1249 1085 1308 qui
1110 1250 1218 1310 plus
1238 1250 1374 1295 valet.

90 1318 177 1368 Vir
211 1332 341 1379 erat,
376 1322 483 1382 plus
517 1322 702 1368 valebat
722 1358 737 1380 ‚
779 1323 920 1370 vicit:
963 1324 1101 1385 quod
1150 1325 1374 1385 petebat,

342 1394 549 1440 abstulit.

450 1482 478 1513 c
516 1482 552 1514 A
587 1481 617 1513 L
653 1481 684 1513 L
720 1482 741 1513 1
776 1481 803 1513 c
839 1481 871 1514 L
907 1481 938 1512 Ε
976 1480 1014 1512 s.

87 1538 151 1585 Et
185 1539 273 1585 tibi
320 1539 520 1600 quidem
564 1539 720 1584 hercle
762 1538 894 1586 idem
931 1538 1105 1584 adtulit
1147 1556 1378 1604 magnum

341 1614 537 1658 malurn.

511 1697 548 1729 A
584 1697 619 1730 N
656 1676 682 1729 d
719 1697 740 1730 1
775 1697 807 1729 L
842 1696 872 1729 L
908 1697 957 1730 A.

89 1756 167 1803 De
187 1757 304 1804 istoc
329 1757 454 1819 ipsa,
487 1757 571 1805 etsi
598 1769 652 1803 tu
679 1769 853 1816 taceas,
886 1774 1045 1820 reapse
1076 1769 1272 1820 experta
1300 1758 1376 1803 in-

340 1833 526 1896 tellego.

450 1918 477 1950 c
514 1917 549 1950 A
583 1920 615 1952 L
650 1919 681 1952 L
716 1919 737 1951 1
773 1920 800 1952 c
836 1919 867 1952 L
900 1919 931 1951 Ε
969 1918 1005 1951 s.

93 1973 379 2036 Numquam
404 1988 453 2022 te
480 1977 631 2024 facere
660 1980 806 2026 hodie
836 1979 997 2040 quivi,
1020 1989 1102 2036 ut,
1121 1979 1157 2023 is
1180 1978 1285 2038 quis
1309 1994 1373 2024 esA

346 2060 415 2094 set
430 2083 445 2106 ,
474 2050 660 2097 diceres.

512 2135 547 2168 A
582 2138 617 2169 N
655 2136 681 2168 c
717 2136 739 2168 1
775 2136 804 2167 L
840 2135 870 2167 L
908 2135 974 2171 A.)

92 2184 254 2230 Tacui.
297 2196 344 2230 at
374 2179 506 2232 nun⁰c
537 2203 639 2233 non
670 2198 835 2237 taceo;
871 2186 1068 2247 quando
1097 2185 1259 2246 adest,
1290 2194 1378 2235 ne-'

346 2275 467 2306 cesse
502 2272 570 2307 est
595 2260 813 2306 indicem.

441 2347 478 2379 D
513 2347 534 2379 1
569 2347 603 2379 N
639 2346 674 2378 A
710 2347 743 2379 R
782 2346 809 2376 c
848 2345 882 2377 Η
916 2345 951 2377 U
991 2345 1029 2378 s.
1300 2386 1302 2388 μ

95 2403 333 2467 Lapideus
352 2424 455 2453 sum
470 2441 484 2465 ,
505 2423 789 2455 conmovere
806 2423 884 2452 me
900 2407 1040 2453 miser
1058 2423 1159 2453 non
1176 2407 1342 2456 audeo.
