1598 2814
219 183 315 232 532
446 162 1256 215 TRUCULENTUS.
1371 178 1504 216 ιρι)

574 279 1172 317 ASTAPHIUM.

576 410 598 444 S
635 411 667 444 T
702 411 736 444 R
773 410 808 443 A
844 410 876 442 T
911 410 933 442 I
968 409 999 443 L
1034 409 1068 444 A
1105 409 1159 445 X.

456 471 679 519 Laviniae
696 471 774 517 hic
793 482 903 517 sunt
918 505 932 529 ,
955 486 1070 532 quas
1083 469 1232 520 ¹habes
1250 472 1463 523 victorias
1475 471 1499 519 Ρ

574 565 1168 602 ASTAPHPUM.

218 627 293 674 Ne
317 627 493 691 adtigas
514 641 607 672 me.

581 710 604 745 s
642 709 673 742 T
708 710 743 743 R
777 708 812 743 A
850 709 881 742 T
916 709 938 742 1
972 709 1004 743 Ι,
1039 708 1076 743 A
1110 709 1160 743 x.

570 771 821 834 Tangam?
850 770 916 817 ita
933 787 1012 817 me
1038 771 1216 818 amabit
1240 773 1502 831 sarculum,

217 846 282 894 Ut
295 863 382 912 ego
398 862 477 893 me
489 845 587 891 ruri
599 844 836 890 hamaxaxi
848 844 1071 892 mavelim
1080 845 1289 909 papalem
1301 846 1500 904 bovem,

218 922 443 981 Cumque
474 935 533 965 eo
566 919 630 964 ita
657 929 853 964 noctem
873 916 924 967 in
947 918 1208 965 stramentis
1224 931 1503 981 pernoctaxe

468 1005 720 1054 perpetem
735 1025 752 1049 ,

219 1066 382 1135 Quam
411 1076 513 1117 tuas
546 1075 744 1110 centum
776 1074 992 1111 coenatas
1025 1074 1188 1113 noctes
1216 1065 1336 1112 mihi
1367 1063 1501 1112 dono

469 1136 585 1182 dari.

218 1211 315 1259 Rus
341 1221 397 1256 tu
425 1210 545 1255 mihi
578 1209 869 1271 opprobras?
904 1219 959 1254 ut
989 1218 1125 1256 nacta
1147 1224 1194 1256 es
1221 1209 1502 1269 hominem3

468 1299 617 1344 quem
649 1282 829 1343 pudeat
860 1280 1049 1343 probri!

219 1357 315 1405 Sed
335 1356 456 1418 quid
485 1357 616 1418 apud
640 1369 816 1403 nostras
843 1356 1034 1420 negoti,
1063 1356 1261 1416 mulier,
1291 1366 1358 1404 est
1373 1356 1500 1404 aedis

216 336 383 402 Dignis
409 335 539 381 dant.

475 1431 564 1477 tibi
580 1431 602 1476 ?

216 1505 354 1577 Quid
378 1516 436 1552 tu
453 1506 549 1551 huc
569 1519 803 1560 occursas‚
824 1502 875 1548 in
898 1502 1071 1550 urbem
1099 1474 1502 1567 quoRescumque

467 1577 747 1624 advenimus
759 1575 782 1621 ?
1209 1598 1213 1603 ,

570 1662 607 1694 A
642 1660 665 1693 s
703 1661 735 1692 T
773 1659 808 1692 A
844 1660 872 1693 P
909 1660 944 1693 Η
978 1661 1000 1694 1
1038 1660 1075 1694 U
1109 1660 1167 1695 Μ.

214 1726 435 1773 Mulieres
463 1725 578 1774 volo
611 1722 862 1770 convenire
889 1732 1080 1769 vostras.

572 1815 596 1849 s
633 1815 664 1848 T
699 1815 734 1848 R
768 1814 804 1847 A
839 1813 871 1846 T
910 1814 933 1847 1
967 1815 1001 1848 1.
1035 1815 1072 1849 A
1107 1814 1160 1849 x.

554 1934 559 1939 ⁸
1035 1876 1168 1946 Quas
1193 1887 1250 1923 tu
1280 1878 1500 1925 mulieres

212 1951 334 1998 Mihi
347 1948 527 1996 narras?
546 1946 631 1994 ubi
646 1962 805 1992 musca
818 1947 949 1993 nulla
959 1947 1136 1996 femina
1151 1949 1279 1996 estin
1289 1950 1498 1999 aedibus,

568 2043 604 2075 A
639 2041 662 2074 s
701 2042 732 2074 T
770 2042 804 2074 A
845 2043 872 2075 P
908 2042 943 2075 Η
977 2043 999 2075 1
1036 2042 1072 2076 U
1107 2045 1167 2077 M.

213 2102 420 2164 Nullane
439 2099 538 2146 istic
557 2099 728 2145 mulier
752 2099 968 2146 habitat?

568 2192 594 2227 s
629 2193 661 2225 T
697 2195 731 2228 R
767 2194 803 2227 A
840 2194 872 2226 T
907 2194 929 2226 1
963 2193 996 2227 L
1030 2194 1066 2227 A
1100 2194 1152 2228 x.

722 2253 820 2299 Rus
837 2288 851 2312 ‚
880 2255 1106 2315 inquam,
1135 2254 1368 2301 abierunt.
1402 2255 1494 2303 abi.

563 2336 600 2371 A
636 2336 659 2370 s
695 2337 727 2369 T
762 2338 798 2371 A
835 2341 865 2373 P
901 2339 937 2373 Η
969 2339 991 2372 1
1029 2337 1064 2372 U
1098 2337 1156 2372 M.

214 2399 351 2467 Quid
378 2400 572 2457 clamaS,
596 2398 755 2445 insane
770 2398 793 2445 Ρ
