1630 2866
242 167 339 251 21'28
560 191 661 239 Ps
696 191 891 239 EUD
929 194 1128 242 OLU
1159 195 1206 243 s.
1401 198 1536 247 v2>50

602 311 1195 351 PSEUDOLUS.

1052 382 1182 430 'Sine
1217 385 1463 450 pellegam.

602 474 1185 511 GALIDORUS.

242 543 369 590 Sino.
397 557 510 589 nam
537 542 655 588 mihi
687 544 852 590 videor
879 561 993 591 cum
1025 562 1078 591 ea
1106 538 1369 593 fabularier.

240 617 395 682 Lege,
425 617 567 663 dulce
593 634 909 679 amarumque
936 635 1032 664 una
1060 634 1191 664 nunc
1215 619 1378 666 misces
1399 619 1528 667 mihi.

603 721 633 754 P
671 720 694 754 S
728 720 760 753 E
797 719 832 752 U
869 721 904 752 D
941 720 973 754 Ο
1008 719 1039 753 L
1077 720 1115 753 U
1150 720 1189 755 S.

237 787 381 834 Nunc
407 787 556 833 nostri
590 803 794 843 amores,
824 803 1006 844 moreS‚
1031 787 1400 835 consuetudines
1417 821 1435 847 ,

232 858 406 917 Jocus,
443 857 617 914 ludus,
650 873 835 914 sermo,
871 857 1022 903 suavis
1055 857 1276 916 saviatio‚

239 931 600 993 Conpressiones
625 943 747 977 artae
779 942 1027 978 amantum
1057 947 1352 993 conparum,

235 1004 432 1051 Teneris
460 1004 636 1048 labellis
668 1005 837 1048 molles
862 1004 1242 1062 morsiunculae,

236 1078 525 1139 Papillarum
556 1076 910 1122 horridularum
940 1079 1381 1138 oppressiunculae,

236 1151 422 1196 Harum
443 1151 748 1210 voluptatum
768 1149 887 1195 mihi
914 1150 1161 1209 omnium,
1187 1162 1333 1212 atque
1359 1151 1529 1201 itidem

489 1222 577 1269 tibi

235 1296 486 1343 Distractio
507 1330 521 1353 ,
558 1295 815 1342 discidium
835 1330 849 1353 ,
880 1296 1087 1342 vasticies
1120 1297 1284 1357 venit,

233 1368 335 1415 Nisi
368 1385 489 1430 quae
512 1368 630 1414 mihi
653 1369 703 1414 in
732 1380 778 1414 te
795 1369 849 1414 ’st
879 1380 962 1415 aut
985 1369 1073 1415 tibi
1097 1380 1164 1416 est
1187 1368 1239 1416 in
1260 1387 1341 1418 me
1361 1366 1492 1420 salus.

233 1442 366 1487 Haec
398 1459 519 1503 quae
548 1458 634 1505 ego
663 1442 804 1500 scivi,
836 1453 892 1488 ut
921 1442 1056 1487 scires
1081 1444 1240 1490 curavi
1270 1445 1459 1492 omnia:

233 1514 383 1579 Nunc,
405 1532 491 1580 ego
518 1527 565 1561 te
589 1517 799 1578 experiar
814 1552 828 1575 ‚
862 1516 984 1577 quid
1011 1533 1164 1577 ames,
1184 1518 1305 1580 quid
1323 1518 1525 1568 simule&

487 1589 604 1635 vale.

594 1685 621 1718 C
657 1685 691 1718 A
728 1685 758 1718 L
794 1685 815 1718 I
854 1685 890 1717 D
931 1684 964 1718 Ο
1000 1686 1034 1719 R
1071 1685 1107 1718 U
1142 1685 1183 1719 S.

232 1751 316 1802 Est
345 1752 512 1798 misere
540 1754 797 1812 scribtum,
828 1754 1092 1801 Pseudole!

589 1854 618 1887 P
657 1853 679 1887 s
715 1855 745 1887 E
785 1853 820 1887 U
855 1855 891 1886 D
931 1854 964 1887 o
1000 1855 1031 1887 L
1068 1854 1104 1887 U
1139 1852 1174 1887 s.

1143 1914 1519 1965 Omisetrume!

590 2007 617 2040 c
656 2007 691 2041 A
724 2009 756 2042 L
793 2009 814 2042 1
849 2011 886 2043 D
923 2008 956 2042 o
992 2009 1026 2042 R
1058 2008 1095 2041 U
1131 2007 1166 2042 s.

232 2058 370 2128 Quin
395 2058 513 2104 fles?

461 2138 464 2141 ’
593 2138 622 2171 P
660 2137 682 2171 s
719 2138 749 2170 E
790 2137 823 2170 U
860 2139 895 2170 D
938 2139 969 2171 ο
1008 2139 1038 2171 L
1077 2139 1114 2172 U
1151 2138 1189 2174 s.

507 2204 755 2252 Pumiceos
796 2207 958 2252 oculos
986 2207 1162 2255 habeo:
1195 2223 1455 2271 nonqueo

231 2277 515 2326 Lacrumam
552 2297 743 2328 exorare
782 2291 838 2327 ut
870 2292 1104 2343 exspuant
1136 2298 1281 2328 unam
1304 2282 1472 2331 modo·

593 2381 886 2416 CALID
927 2379 1175 2418 ORUS.

237 2431 506 2497 quidm?
