1630 2866
70 178 166 222 γ.7
375 158 665 209 ACTUS
711 158 770 206 V.
819 156 928 205 SC.
979 158 1061 205 ΙΙ.
1287 166 1353 222 ⁷ss

558 280 593 314 H
628 280 663 313 A
702 280 736 313 N
772 279 806 313 N
846 279 897 312 Ο.

72 345 164 394 Pro
187 343 269 391 Dii
298 343 566 389 inmortales
582 376 596 399 ,
628 342 820 390 obsecro
850 351 1056 387 vostram
1085 339 1231 386 fidem
1253 340 1265 387 !

74 421 215 474 Creta
241 429 308 464 est
340 416 557 479 profecto
587 415 760 461 horum
790 414 1047 460 hominum
1076 416 1232 460 oratio.

73 482 239 561 Quam
274 490 533 536 orationem
572 488 694 535 hanc
723 504 852 533 aures
879 487 1069 535 dulcem
1101 488 1354 536 devorant!

75 563 143 611 Ut
172 563 292 609 mihi
326 563 637 608 absterserunt
672 577 867 607 ornnem
894 561 1270 608 sorditudinem!

339 647 1125 684 AGQRASTOCLES.

75 697 203 755 Si'ad
217 724 319 755 eam
350 724 452 754 rem
469 708 593 754 testis
608 707 833 765 habeam,
850 706 1039 765 faciam,
1059 707 1195 770 quod
1204 707 1357 772 jubes.

499 802 554 835 M
578 801 599 834 Ι
635 801 665 834 L
702 802 730 834 P
770 801 806 835 Η
842 802 863 834 1
903 801 953 834 Ο.

78 862 219 931 Quid
254 874 310 908 tu
342 863 459 908 mihi
489 862 649 909 testis?
677 863 798 923 quin
829 874 880 908 tu
918 862 1082 909 insistis
1109 862 1325 922 fortiter?

78 937 254 996 Aliqua
284 936 473 982 fortuna
499 935 642 981 fuerit
675 935 882 1000 adjutrix
911 937 1014 982 tibi.

339 1019 1126 1055 AGORASTOCLES.

78 1081 290 1143 Incipere
316 1081 473 1126 multo
503 1090 595 1137 est,
628 1095 775 1141 quam
806 1079 1069 1142 inpetrare,
1104 1081 1290 1128 facilius.

499 1171 543 1204 M
578 1173 599 1205 1
634 1172 665 1205 L
701 1173 729 1205 P
766 1174 801 1206 H
837 1173 858 1206 I
894 1174 943 1208 Ο.

81 1228 175 1280 Sed
201 1249 433 1294 quaenam
463 1233 594 1278 illaec
615 1233 708 1277 avis
747 1244 813 1278 est
828 1267 843 1291 ,
867 1249 989 1294 quae
1019 1233 1114 1279 huc
1137 1250 1252 1280 cum
1283 1245 1360 1280 tu-

329 1305 442 1350 nicis
467 1304 694 1350 advenit?

81 1377 326 1424 Numnam
350 1379 387 1423 it
404 1395 431 1423 a
459 1378 635 1441 balneis
664 1379 1014 1425 circumductus
1048 1380 1225 1441 pallio?

81 1449 235 1495 Facies
269 1450 468 1510 quidem
512 1451 685 1511 edepol
714 1451 883 1496 Punica
917 1464 981 1497 est
1008 1453 1034 1479 *
1057 1453 1083 1480 ¹*
1109 1454 1135 1480 *

82 1520 246 1567 Servos
264 1520 464 1582 quidem
479 1521 653 1581 edepol
668 1513 848 1567 veteres
866 1523 1354 1583 antiquosquehabet.

335 1610 1112 1646 AGORASTOCLES.

87 1667 190 1740 Qui
217 1670 337 1716 scis?
935 1657 946 1665 „

504 1747 547 1780 M
582 1747 603 1779 1
640 1748 671 1780 1.
704 1749 734 1781 P
771 1748 807 1781 Η
841 1749 862 1782 1
899 1750 948 1782 o.

351 1806 522 1852 Viden’
549 1807 764 1854 homines
792 1810 1032 1855 sarcinatos
1065 1814 1327 1874 consequi?

87 1877 271 1949 Atque,
286 1889 342 1924 ut
359 1880 551 1940 opinor,
567 1880 736 1944 digitos
752 1882 803 1927 in
818 1883 1036 1930 manibus
1051 1899 1151 1929 non
1168 1885 1355 1932 habent.

345 1973 1133 2012 AGORASTO'CLES.

90 2032 379 2101 Quidjam?

508 2106 950 2143 MILPHIO.

399 2167 525 2236 Quia
549 2166 777 2231 incedunt
805 2183 917 2212 cum
945 2170 1141 2214 anulatis
1165 2170 1360 2216 auribus.

92 2239 254 2286 Adibo
283 2240 448 2295 hosce,
473 2248 616 2298 atque
644 2238 892 2298 appellabo
922 2239 1109 2285 Punice.

93 2313 142 2359 Si
169 2314 556 2375 respondebunt,
588 2311 764 2356 Punice
794 2326 985 2374 pergam
1019 2315 1177 2374 loqui:

95 2383 144 2432 Si
166 2396 294 2438 non3
326 2397 432 2432 tum
460 2386 520 2431 ad
550 2385 724 2431 horum
752 2401 904 2431 mores
920 2385 1131 2450 linguam
1155 2398 1359 2441 vorter02·
