1690 2872
337 167 430 226 455
637 162 1287 216 TRINUMMUS.
1484 169 1609 229 v.55

342 273 414 320 Sic
444 273 541 319 sine
569 271 683 316 dote
713 269 891 316 dedisse
913 304 927 327 ,
954 270 1095 335 magis
1119 286 1265 332 quam
1292 273 1343 318 in
1370 273 1614 320 matrimo-

532 360 534 362 ·
587 358 737 388 nium.
1556 393 1560 399 ,
1614 387 1619 391 .

341 419 463 487 Quis
493 433 570 462 me
597 413 845 476 inprobior
869 413 1169 480 perhibeatur
1193 415 1318 462 esse?
1344 417 1457 464 haec
1478 417 1614 466 fami-

590 498 764 553 geratio

337 565 409 611 Te
437 565 655 611 honestet
671 597 684 620 ‚
712 578 791 609 me
817 562 1267 609 autem'conlutulet
1284 595 1300 622 ,
1321 564 1357 608 si
1382 563 1481 611 sine
1497 563 1611 612 dote

594 637 808 683 duxeris:

337 712 450 760 Tibi
476 712 533 758 sit
555 713 942 758 emolumentum
959 710 1174 763 honoris;
1195 712 1343 771 mihi,
1364 712 1502 775 quod
1527 714 1614 762 ob·-

587 788 768 852 jectent
783 819 799 844 ,
827 785 925 832 siet.

688 882 1254 919 LYSITELES.

338 952 514 1022 Quid?
535 962 582 999 te
599 950 893 998 Dictatorem
915 966 1069 998 censes
1086 950 1186 999 fore
1197 988 1211 1011 ,
1236 954 1272 999 si
1289 954 1369 1002 abs
1386 965 1614 1020 te‘agrum

591 1023 851 1085 acceperim
865 1025 887 1069 Ξ)

657 1122 1283 1158 LESBONICUS.

334 1193 507 1255 Neque
537 1194 649 1241 volo
668 1227 681 1250 ‚
711 1209 872 1254 neque
893 1193 1115 1253 postulo,
1144 1207 1305 1253 neque
1321 1207 1500 1240 censeo.
1528 1209 1613 1244 ve-

584 1281 693 1311 rum
724 1276 885 1311 tamen
1096 1265 1106 1276 '

337 1339 386 1383 Isv
415 1348 482 1384 est
506 1338 655 1384 honos
686 1337 872 1384 homini
889 1335 1067 1399 pudico
1081 1370 1096 1395 ‚
1119 1337 1384 1386 meminisse
1404 1328 1612 1389 officium

589 1427 741 1457 suum.

694 1506 1253 1543 LYSITELES.

338 1585 443 1632 Scio
464 1585 689 1647 equidem
719 1596 768 1632 te
785 1619 799 1643 ,
828 1585 1059 1632 animatus
1084 1594 1141 1630 ut
1160 1584 1238 1631 sis:
1267 1583 1410 1632 video
1426 1583 1441 1644 ,’
1459 1587 1611 1637 subo-

594 1660 687 1716 let,
713 1658 879 1704 sentio.
1360 1658 1369 1669 “

333 1733 391 1779 Id
416 1733 512 1798 agis
527 1766 542 1791 ‚
558 1743 614 1779 ut
626 1767 639 1790 ,
661 1732 748 1778 ubi
765 1730 1037 1777 affinitatem
1054 1729 1178 1775 inter
1199 1744 1287 1777 nos
1305 1740 1511 1779 nostram
1529 1731 1614 1779 ad-

588 1815 822 1851 strinxeris
836 1837 852 1861 ,

334 1876 494 1939 Atque
535 1893 646 1923 eum
676 1892 840 1941 agrum
871 1875 1052 1922 dederis
1067 1909 1083 1934 ‚
1117 1889 1206 1921 nec
1240 1874 1508 1938 quidquam
1539 1877 1615 1924 hic

591 1949 682 1995 tibi
711 1949 769 1994 sit
784 1983 797 2006 ‚
823 1948 908 2008 qui
935 1947 1081 1994 vitam
1106 1948 1256 2004 colas,

305 2070 312 2078 ‚
332 2022 531 2086 Effugias
551 2038 612 2068 ex
630 2021 749 2067 urbe
766 2021 912 2067 inanis
924 2056 938 2078 ‚
963 2018 1192 2084 profugus
1207 2019 1406 2080 patriam
1419 2019 1612 2079 deseras,

333 2095 566 2158 Cognatos
580 2129 593 2152 ‚
623 2094 894 2140 affinitatem
909 2130 922 2152 ‚
940 2093 1112 2140 amicos
1125 2127 1140 2150 ‚
1161 2091 1290 2138 factis
1311 2092 1512 2154 nuptiis:

337 2170 445 2216 Mea
465 2177 607 2230 opera
631 2169 742 2215 hinc
767 2169 1072 2230 proterritum
1099 2178 1175 2226 te,
1197 2182 1399 2228 meaque
1420 2164 1610 2213 ava'ritia

586 2253 846 2288 autument.

329 2313 389 2360 Id
417 2331 495 2363 me
514 2314 857 2364 conmissunum
871 2347 885 2372 ,
913 2324 969 2362 ut
990 2313 1137 2377 patiar
1159 2311 1288 2372 fieri,
1305 2324 1367 2358 ne
1394 2309 1609 2357 animum

587 2388 842 2435 induxeris.
