<?xml version="1.0" encoding="UTF-8"?>
<!DOCTYPE html PUBLIC "-//W3C//DTD XHTML 1.0 Transitional//EN"
    "http://www.w3.org/TR/xhtml1/DTD/xhtml1-transitional.dtd">
<html xmlns="http://www.w3.org/1999/xhtml" xml:lang="en" lang="en">
 <head>
  <title>
</title>
<meta http-equiv="Content-Type" content="text/html;charset=utf-8" />
  <meta name='ocr-system' content='tesseract 3.04.00' />
  <meta name='ocr-capabilities' content='ocr_page ocr_carea ocr_par ocr_line ocrx_word'/>
</head>
<body>
  <div class='ocr_page' id='page_1' title='image "./comoediaesuperst03plauuoft_0371.png"; bbox 0 0 1630 2866; ppageno 0'>
   <div class='ocr_carea' id='block_1_1' title="bbox 82 100 1373 188">
    <p class='ocr_par' dir='ltr' id='par_1_1' title="bbox 82 100 1373 188">
     <span class='ocr_line' id='line_1_1' title="bbox 82 100 1373 188; baseline -0.002 -11"><span class='ocrx_word' id='word_1_1' title='bbox 82 130 211 178; x_wconf 79' lang='lat' dir='ltr'><strong>v.56</strong></span> <span class='ocrx_word' id='word_1_2' title='bbox 391 124 690 174; x_wconf 83' lang='lat' dir='ltr'><strong>AcTth</strong></span> <span class='ocrx_word' id='word_1_3' title='bbox 738 126 775 170; x_wconf 92' lang='lat'><strong>1.</strong></span> <span class='ocrx_word' id='word_1_4' title='bbox 830 100 939 171; x_wconf 78' lang='lat' dir='ltr'><strong>sc.</strong></span> <span class='ocrx_word' id='word_1_5' title='bbox 989 125 1066 170; x_wconf 92' lang='lat'><strong>11.</strong></span> <span class='ocrx_word' id='word_1_6' title='bbox 1281 127 1373 188; x_wconf 74' lang='lat'><strong>365</strong></span> 
     </span>
    </p>
   </div>
   <div class='ocr_carea' id='block_1_2' title="bbox 87 244 1340 374">
    <p class='ocr_par' dir='ltr' id='par_1_2' title="bbox 87 244 1340 374">
     <span class='ocr_line' id='line_1_2' title="bbox 506 244 957 278; baseline 0 -1"><span class='ocrx_word' id='word_1_7' title='bbox 506 244 543 277; x_wconf 99' lang='lat' dir='ltr'>A</span> <span class='ocrx_word' id='word_1_8' title='bbox 578 246 613 278; x_wconf 99' lang='lat' dir='ltr'>N</span> <span class='ocrx_word' id='word_1_9' title='bbox 648 244 680 277; x_wconf 88' lang='grc' dir='ltr'><strong>Τ</strong></span> <span class='ocrx_word' id='word_1_10' title='bbox 717 245 738 277; x_wconf 94' lang='lat'>1</span> <span class='ocrx_word' id='word_1_11' title='bbox 773 244 802 278; x_wconf 99' lang='lat' dir='ltr'>P</span> <span class='ocrx_word' id='word_1_12' title='bbox 838 244 873 277; x_wconf 78' lang='grc' dir='ltr'><strong>Η</strong></span> <span class='ocrx_word' id='word_1_13' title='bbox 909 245 957 278; x_wconf 92' lang='grc' dir='ltr'><strong>ο.</strong></span> 
     </span>
     <span class='ocr_line' id='line_1_3' title="bbox 87 303 1340 374; baseline 0.002 -24"><span class='ocrx_word' id='word_1_14' title='bbox 87 303 229 374; x_wconf 75' lang='lat' dir='ltr'><strong>Quae</strong></span> <span class='ocrx_word' id='word_1_15' title='bbox 252 304 341 352; x_wconf 91' lang='lat' dir='ltr'><strong>tibi</strong></span> <span class='ocrx_word' id='word_1_16' title='bbox 362 305 533 351; x_wconf 88' lang='lat' dir='ltr'><strong>mulier</strong></span> <span class='ocrx_word' id='word_1_17' title='bbox 553 305 744 351; x_wconf 81' lang='lat' dir='ltr'><strong>videtur</strong></span> <span class='ocrx_word' id='word_1_18' title='bbox 768 306 927 351; x_wconf 91' lang='lat' dir='ltr'><strong>multo</strong></span> <span class='ocrx_word' id='word_1_19' title='bbox 951 304 1340 366; x_wconf 84' lang='lat' dir='ltr'><strong>sapientissuma?</strong></span> 
     </span>
    </p>
   </div>
   <div class='ocr_carea' id='block_1_3' title="bbox 69 404 1370 1779">
    <p class='ocr_par' dir='ltr' id='par_1_3' title="bbox 69 404 1370 1779">
     <span class='ocr_line' id='line_1_4' title="bbox 445 404 1021 439; baseline -0.003 0"><span class='ocrx_word' id='word_1_20' title='bbox 445 406 475 439; x_wconf 80' lang='lat' dir='ltr'>P</span> <span class='ocrx_word' id='word_1_21' title='bbox 508 404 544 438; x_wconf 88' lang='lat' dir='ltr'>A</span> <span class='ocrx_word' id='word_1_22' title='bbox 578 406 611 438; x_wconf 81' lang='lat' dir='ltr'>N</span> <span class='ocrx_word' id='word_1_23' title='bbox 646 405 678 438; x_wconf 85' lang='lat' dir='ltr'>E</span> <span class='ocrx_word' id='word_1_24' title='bbox 715 404 747 436; x_wconf 92' lang='lat' dir='ltr'><strong>G</strong></span> <span class='ocrx_word' id='word_1_25' title='bbox 788 404 816 437; x_wconf 83' lang='lat' dir='ltr'>Y</span> <span class='ocrx_word' id='word_1_26' title='bbox 853 406 887 439; x_wconf 88' lang='lat' dir='ltr'>R</span> <span class='ocrx_word' id='word_1_27' title='bbox 921 405 943 437; x_wconf 95' lang='lat'>1</span> <span class='ocrx_word' id='word_1_28' title='bbox 980 404 1021 438; x_wconf 86' lang='lat' dir='ltr'><strong>S.</strong></span> 
     </span>
     <span class='ocr_line' id='line_1_5' title="bbox 79 471 1370 540; baseline 0.001 -22"><span class='ocrx_word' id='word_1_29' title='bbox 79 472 217 540; x_wconf 76' lang='lat' dir='ltr'><strong>Quae</strong></span> <span class='ocrx_word' id='word_1_30' title='bbox 241 484 401 519; x_wconf 90' lang='lat' dir='ltr'><strong>tamen</strong></span> <span class='ocrx_word' id='word_1_31' title='bbox 419 505 432 528; x_wconf 85' lang='lat'>‚</span> <span class='ocrx_word' id='word_1_32' title='bbox 470 487 624 532; x_wconf 90' lang='lat' dir='ltr'><strong>quom</strong></span> <span class='ocrx_word' id='word_1_33' title='bbox 650 486 720 516; x_wconf 86' lang='lat' dir='ltr'><strong>res</strong></span> <span class='ocrx_word' id='word_1_34' title='bbox 741 471 977 517; x_wconf 89' lang='lat' dir='ltr'><strong>secundae</strong></span> <span class='ocrx_word' id='word_1_35' title='bbox 1002 482 1114 517; x_wconf 91' lang='lat' dir='ltr'><strong>sunt</strong></span> <span class='ocrx_word' id='word_1_36' title='bbox 1130 505 1145 529; x_wconf 89' lang='lat'>,</span> <span class='ocrx_word' id='word_1_37' title='bbox 1164 487 1211 518; x_wconf 90' lang='lat' dir='ltr'><strong>se</strong></span> <span class='ocrx_word' id='word_1_38' title='bbox 1228 485 1370 533; x_wconf 85' lang='lat' dir='ltr'><strong>pote-</strong></span> 
     </span>
     <span class='ocr_line' id='line_1_6' title="bbox 337 556 648 590; baseline 0 0"><span class='ocrx_word' id='word_1_39' title='bbox 337 556 399 590; x_wconf 83' lang='lat' dir='ltr'><strong>nt</strong></span> <span class='ocrx_word' id='word_1_40' title='bbox 427 560 648 590; x_wconf 86' lang='lat' dir='ltr'><strong>noscere:</strong></span> 
     </span>
     <span class='ocr_line' id='line_1_7' title="bbox 79 616 1368 681; baseline 0.001 -17"><span class='ocrx_word' id='word_1_41' title='bbox 79 616 142 665; x_wconf 84' lang='lat' dir='ltr'><strong>Et</strong></span> <span class='ocrx_word' id='word_1_42' title='bbox 171 617 249 663; x_wconf 85' lang='lat' dir='ltr'><strong>illa</strong></span> <span class='ocrx_word' id='word_1_43' title='bbox 276 633 398 678; x_wconf 90' lang='lat' dir='ltr'><strong>quae</strong></span> <span class='ocrx_word' id='word_1_44' title='bbox 429 633 584 678; x_wconf 89' lang='lat' dir='ltr'><strong>aequo</strong></span> <span class='ocrx_word' id='word_1_45' title='bbox 619 618 779 664; x_wconf 88' lang='lat' dir='ltr'><strong>animo</strong></span> <span class='ocrx_word' id='word_1_46' title='bbox 811 618 1015 679; x_wconf 85' lang='lat' dir='ltr'><strong>patietur</strong></span> <span class='ocrx_word' id='word_1_47' title='bbox 1043 617 1131 664; x_wconf 85' lang='lat' dir='ltr'>sibi</span> <span class='ocrx_word' id='word_1_48' title='bbox 1162 634 1255 664; x_wconf 89' lang='lat' dir='ltr'><strong>esse</strong></span> <span class='ocrx_word' id='word_1_49' title='bbox 1284 636 1368 681; x_wconf 81' lang='lat' dir='ltr'><strong>pe-</strong></span> 
     </span>
     <span class='ocr_line' id='line_1_8' title="bbox 328 691 760 756; baseline 0.002 -19"><span class='ocrx_word' id='word_1_50' title='bbox 328 692 407 756; x_wconf 84' lang='lat' dir='ltr'><strong>jus</strong></span> <span class='ocrx_word' id='word_1_51' title='bbox 424 725 440 750; x_wconf 91' lang='lat'>‚</span> <span class='ocrx_word' id='word_1_52' title='bbox 479 709 627 753; x_wconf 89' lang='lat' dir='ltr'><strong>quam</strong></span> <span class='ocrx_word' id='word_1_53' title='bbox 654 691 760 738; x_wconf 87' lang='lat' dir='ltr'><strong>fuit.</strong></span> 
     </span>
     <span class='ocr_line' id='line_1_9' title="bbox 496 786 951 820; baseline 0.004 -2"><span class='ocrx_word' id='word_1_54' title='bbox 496 786 532 818; x_wconf 89' lang='lat' dir='ltr'>A</span> <span class='ocrx_word' id='word_1_55' title='bbox 567 787 598 820; x_wconf 87' lang='lat' dir='ltr'>N</span> <span class='ocrx_word' id='word_1_56' title='bbox 638 787 669 819; x_wconf 84' lang='lat' dir='ltr'>T</span> <span class='ocrx_word' id='word_1_57' title='bbox 703 787 724 819; x_wconf 95' lang='lat'>1</span> <span class='ocrx_word' id='word_1_58' title='bbox 763 788 792 820; x_wconf 87' lang='lat' dir='ltr'>P</span> <span class='ocrx_word' id='word_1_59' title='bbox 828 787 863 820; x_wconf 83' lang='lat' dir='ltr'>H</span> <span class='ocrx_word' id='word_1_60' title='bbox 901 787 951 820; x_wconf 90' lang='lat' dir='ltr'><strong>o.</strong></span> 
     </span>
     <span class='ocr_line' id='line_1_10' title="bbox 76 843 1360 912; baseline 0.002 -21"><span class='ocrx_word' id='word_1_61' title='bbox 76 843 261 906; x_wconf 88' lang='lat' dir='ltr'>Edepol</span> <span class='ocrx_word' id='word_1_62' title='bbox 301 862 383 892; x_wconf 86' lang='lat' dir='ltr'><strong>vos</strong></span> <span class='ocrx_word' id='word_1_63' title='bbox 426 847 585 908; x_wconf 87' lang='lat' dir='ltr'><strong>lepide</strong></span> <span class='ocrx_word' id='word_1_64' title='bbox 619 847 833 905; x_wconf 89' lang='lat' dir='ltr'><strong>tentavi,</strong></span> <span class='ocrx_word' id='word_1_65' title='bbox 877 859 1189 910; x_wconf 69' lang='lat' dir='ltr'><strong>VQtrumque</strong></span> <span class='ocrx_word' id='word_1_66' title='bbox 1228 848 1360 912; x_wconf 84' lang='lat' dir='ltr'><strong>inge-</strong></span> 
     </span>
     <span class='ocr_line' id='line_1_11' title="bbox 327 917 672 980; baseline 0.006 -18"><span class='ocrx_word' id='word_1_67' title='bbox 327 917 465 963; x_wconf 88' lang='lat' dir='ltr'><strong>nium</strong></span> <span class='ocrx_word' id='word_1_68' title='bbox 497 918 672 980; x_wconf 88' lang='lat' dir='ltr'><strong>ingeni.</strong></span> 
     </span>
     <span class='ocr_line' id='line_1_12' title="bbox 75 986 1365 1054; baseline 0.005 -21"><span class='ocrx_word' id='word_1_69' title='bbox 75 986 173 1034; x_wconf 90' lang='lat' dir='ltr'><strong>Sed</strong></span> <span class='ocrx_word' id='word_1_70' title='bbox 201 988 296 1035; x_wconf 92' lang='lat' dir='ltr'><strong>hoc</strong></span> <span class='ocrx_word' id='word_1_71' title='bbox 323 1001 419 1046; x_wconf 88' lang='lat' dir='ltr'><strong>est,</strong></span> <span class='ocrx_word' id='word_1_72' title='bbox 446 990 580 1050; x_wconf 91' lang='lat' dir='ltr'><strong>quod</strong></span> <span class='ocrx_word' id='word_1_73' title='bbox 605 991 668 1036; x_wconf 92' lang='lat' dir='ltr'><strong>ad</strong></span> <span class='ocrx_word' id='word_1_74' title='bbox 694 1008 778 1038; x_wconf 88' lang='lat' dir='ltr'><strong>vos</strong></span> <span class='ocrx_word' id='word_1_75' title='bbox 804 993 974 1050; x_wconf 87' lang='lat' dir='ltr'><strong>venio,</strong></span> <span class='ocrx_word' id='word_1_76' title='bbox 998 994 1236 1054; x_wconf 79' lang='lat' dir='ltr'><strong>quodque</strong></span> <span class='ocrx_word' id='word_1_77' title='bbox 1269 1010 1365 1042; x_wconf 90' lang='lat' dir='ltr'><strong>esse</strong></span> 
     </span>
     <span class='ocr_line' id='line_1_13' title="bbox 332 1054 932 1110; baseline 0.005 -3"><span class='ocrx_word' id='word_1_78' title='bbox 332 1062 493 1108; x_wconf 89' lang='lat' dir='ltr'><strong>ambas</strong></span> <span class='ocrx_word' id='word_1_79' title='bbox 528 1054 781 1110; x_wconf 83' lang='lat' dir='ltr'><strong>conventas</strong></span> <span class='ocrx_word' id='word_1_80' title='bbox 804 1066 932 1110; x_wconf 89' lang='lat' dir='ltr'>volo.</span> 
     </span>
     <span class='ocr_line' id='line_1_14' title="bbox 75 1134 1361 1194; baseline 0.005 -13"><span class='ocrx_word' id='word_1_81' title='bbox 75 1134 199 1182; x_wconf 90' lang='lat' dir='ltr'>Mihi</span> <span class='ocrx_word' id='word_1_82' title='bbox 225 1146 437 1182; x_wconf 86' lang='lat' dir='ltr'><strong>auctores</strong></span> <span class='ocrx_word' id='word_1_83' title='bbox 468 1136 532 1181; x_wconf 88' lang='lat' dir='ltr'><strong>ita</strong></span> <span class='ocrx_word' id='word_1_84' title='bbox 559 1148 671 1183; x_wconf 89' lang='lat' dir='ltr'><strong>sunt</strong></span> <span class='ocrx_word' id='word_1_85' title='bbox 692 1138 858 1194; x_wconf 86' lang='lat' dir='ltr'><strong>amici,</strong></span> <span class='ocrx_word' id='word_1_86' title='bbox 881 1149 938 1184; x_wconf 90' lang='lat' dir='ltr'><strong>ut</strong></span> <span class='ocrx_word' id='word_1_87' title='bbox 965 1155 1047 1185; x_wconf 84' lang='lat' dir='ltr'><strong>vos</strong></span> <span class='ocrx_word' id='word_1_88' title='bbox 1070 1139 1181 1186; x_wconf 86' lang='lat' dir='ltr'><strong>hinc</strong></span> <span class='ocrx_word' id='word_1_89' title='bbox 1208 1139 1361 1187; x_wconf 88' lang='lat' dir='ltr'><strong>abdu-</strong></span> 
     </span>
     <span class='ocr_line' id='line_1_15' title="bbox 322 1209 678 1257; baseline 0.006 -2"><span class='ocrx_word' id='word_1_90' title='bbox 322 1224 427 1255; x_wconf 85' lang='lat' dir='ltr'><strong>cam</strong></span> <span class='ocrx_word' id='word_1_91' title='bbox 458 1209 678 1257; x_wconf 86' lang='lat' dir='ltr'><strong>domum.</strong></span> 
     </span>
     <span class='ocr_line' id='line_1_16' title="bbox 387 1297 999 1340; baseline 0.003 -4"><span class='ocrx_word' id='word_1_92' title='bbox 387 1297 395 1314; x_wconf 66' lang='lat'>‘</span> <span class='ocrx_word' id='word_1_93' title='bbox 426 1303 455 1336; x_wconf 92' lang='lat' dir='ltr'>P</span> <span class='ocrx_word' id='word_1_94' title='bbox 491 1303 527 1336; x_wconf 92' lang='lat' dir='ltr'>A</span> <span class='ocrx_word' id='word_1_95' title='bbox 561 1305 595 1337; x_wconf 93' lang='lat' dir='ltr'>N</span> <span class='ocrx_word' id='word_1_96' title='bbox 629 1305 659 1337; x_wconf 85' lang='lat' dir='ltr'><strong>E</strong></span> <span class='ocrx_word' id='word_1_97' title='bbox 699 1305 731 1338; x_wconf 85' lang='lat' dir='ltr'><strong>G</strong></span> <span class='ocrx_word' id='word_1_98' title='bbox 767 1307 802 1339; x_wconf 85' lang='lat' dir='ltr'>Y</span> <span class='ocrx_word' id='word_1_99' title='bbox 836 1308 871 1340; x_wconf 84' lang='lat' dir='ltr'>R</span> <span class='ocrx_word' id='word_1_100' title='bbox 907 1307 927 1339; x_wconf 93' lang='lat'>1</span> <span class='ocrx_word' id='word_1_101' title='bbox 964 1305 999 1339; x_wconf 86' lang='lat' dir='ltr'><strong>s.</strong></span> 
     </span>
     <span class='ocr_line' id='line_1_17' title="bbox 70 1366 1354 1440; baseline 0.006 -27"><span class='ocrx_word' id='word_1_102' title='bbox 70 1366 137 1414; x_wconf 87' lang='lat' dir='ltr'><strong>At</strong></span> <span class='ocrx_word' id='word_1_103' title='bbox 165 1367 295 1414; x_wconf 74' lang='lat' dir='ltr'><strong>enim</strong></span> <span class='ocrx_word' id='word_1_104' title='bbox 321 1385 439 1425; x_wconf 77' lang='grc' dir='ltr'>ῃοε,</span> <span class='ocrx_word' id='word_1_105' title='bbox 471 1386 677 1429; x_wconf 88' lang='lat' dir='ltr'><strong>quarum</strong></span> <span class='ocrx_word' id='word_1_106' title='bbox 709 1389 779 1418; x_wconf 83' lang='lat' dir='ltr'><strong>res</strong></span> <span class='ocrx_word' id='word_1_107' title='bbox 808 1373 989 1436; x_wconf 81' lang='lat' dir='ltr'><strong>agitur,</strong></span> <span class='ocrx_word' id='word_1_108' title='bbox 1024 1374 1156 1420; x_wconf 82' lang='lat' dir='ltr'><strong>aliter</strong></span> <span class='ocrx_word' id='word_1_109' title='bbox 1189 1386 1354 1440; x_wconf 82' lang='lat' dir='ltr'><strong>aucto-</strong></span> 
     </span>
     <span class='ocr_line' id='line_1_18' title="bbox 322 1457 595 1487; baseline 0.004 -2"><span class='ocrx_word' id='word_1_110' title='bbox 322 1457 392 1486; x_wconf 85' lang='lat' dir='ltr'><strong>res</strong></span> <span class='ocrx_word' id='word_1_111' title='bbox 419 1457 595 1487; x_wconf 89' lang='lat' dir='ltr'><strong>sumus.</strong></span> 
     </span>
     <span class='ocr_line' id='line_1_19' title="bbox 69 1511 1352 1576; baseline 0.007 -20"><span class='ocrx_word' id='word_1_112' title='bbox 69 1511 194 1557; x_wconf 89' lang='lat' dir='ltr'><strong>Nam</strong></span> <span class='ocrx_word' id='word_1_113' title='bbox 226 1525 308 1557; x_wconf 90' lang='lat' dir='ltr'><strong>aut</strong></span> <span class='ocrx_word' id='word_1_114' title='bbox 342 1513 487 1569; x_wconf 85' lang='lat' dir='ltr'><strong>olim,</strong></span> <span class='ocrx_word' id='word_1_115' title='bbox 530 1514 618 1558; x_wconf 89' lang='lat' dir='ltr'><strong>nisi</strong></span> <span class='ocrx_word' id='word_1_116' title='bbox 646 1514 736 1561; x_wconf 88' lang='lat' dir='ltr'><strong>tibi</strong></span> <span class='ocrx_word' id='word_1_117' title='bbox 765 1516 1041 1576; x_wconf 83' lang='lat' dir='ltr'><strong>placebant,</strong></span> <span class='ocrx_word' id='word_1_118' title='bbox 1081 1533 1181 1562; x_wconf 88' lang='lat' dir='ltr'><strong>non</strong></span> <span class='ocrx_word' id='word_1_119' title='bbox 1220 1519 1352 1566; x_wconf 88' lang='lat' dir='ltr'><strong>datas</strong></span> 
     </span>
     <span class='ocr_line' id='line_1_20' title="bbox 304 1585 563 1645; baseline 0.008 -16"><span class='ocrx_word' id='word_1_120' title='bbox 304 1585 563 1645; x_wconf 78' lang='lat' dir='ltr'><strong>&#39;oportuitt</strong></span> 
     </span>
     <span class='ocr_line' id='line_1_21' title="bbox 69 1655 1351 1725; baseline 0.009 -23"><span class='ocrx_word' id='word_1_121' title='bbox 69 1655 169 1703; x_wconf 89' lang='lat' dir='ltr'><strong>Aut</strong></span> <span class='ocrx_word' id='word_1_122' title='bbox 187 1673 324 1713; x_wconf 53' lang='lat' dir='ltr'><strong>,nunc</strong></span> <span class='ocrx_word' id='word_1_123' title='bbox 355 1674 456 1711; x_wconf 90' lang='lat' dir='ltr'><strong>non</strong></span> <span class='ocrx_word' id='word_1_124' title='bbox 472 1675 685 1720; x_wconf 64' lang='lat' dir='ltr'><strong>&gt;aequom</strong></span> <span class='ocrx_word' id='word_1_125' title='bbox 705 1663 759 1708; x_wconf 91' lang='lat' dir='ltr'><strong>’st</strong></span> <span class='ocrx_word' id='word_1_126' title='bbox 787 1661 992 1721; x_wconf 83' lang='lat' dir='ltr'><strong>abduci,</strong></span> <span class='ocrx_word' id='word_1_127' title='bbox 1022 1674 1183 1725; x_wconf 80' lang='lat' dir='ltr'><strong>pater,</strong></span> <span class='ocrx_word' id='word_1_128' title='bbox 1206 1665 1351 1713; x_wconf 88' lang='lat' dir='ltr'><strong>illisce</strong></span> 
     </span>
     <span class='ocr_line' id='line_1_22' title="bbox 239 1727 1290 1779; baseline 0.009 -3"><span class='ocrx_word' id='word_1_129' title='bbox 239 1727 262 1771; x_wconf 70' lang='grc'><strong>’.</strong></span> <span class='ocrx_word' id='word_1_130' title='bbox 322 1732 604 1779; x_wconf 87' lang='lat' dir='ltr'><strong>absentibus.</strong></span> <span class='ocrx_word' id='word_1_131' title='bbox 1285 1729 1290 1736; x_wconf 49' lang='grc'><em>’</em></span> 
     </span>
    </p>
   </div>
   <div class='ocr_carea' id='block_1_4' title="bbox 41 1812 1345 2398">
    <p class='ocr_par' dir='ltr' id='par_1_4' title="bbox 41 1812 1345 2398">
     <span class='ocr_line' id='line_1_23' title="bbox 482 1812 1093 1885; baseline 0.007 -23"><span class='ocrx_word' id='word_1_132' title='bbox 482 1830 517 1862; x_wconf 89' lang='lat' dir='ltr'>A</span> <span class='ocrx_word' id='word_1_133' title='bbox 551 1812 586 1864; x_wconf 88' lang='lat' dir='ltr'>N</span> <span class='ocrx_word' id='word_1_134' title='bbox 622 1829 653 1862; x_wconf 83' lang='grc' dir='ltr'><strong>Τ</strong></span> <span class='ocrx_word' id='word_1_135' title='bbox 688 1831 709 1863; x_wconf 92' lang='lat'>1</span> <span class='ocrx_word' id='word_1_136' title='bbox 745 1831 773 1864; x_wconf 88' lang='lat' dir='ltr'>P</span> <span class='ocrx_word' id='word_1_137' title='bbox 810 1832 844 1864; x_wconf 79' lang='lat' dir='ltr'>H</span> <span class='ocrx_word' id='word_1_138' title='bbox 882 1833 932 1865; x_wconf 92' lang='lat' dir='ltr'><strong>o.</strong></span> <span class='ocrx_word' id='word_1_139' title='bbox 1024 1880 1027 1882; x_wconf 27' lang='grc'>-</span> <span class='ocrx_word' id='word_1_140' title='bbox 1080 1873 1093 1885; x_wconf 54' lang='lat'><strong>·</strong></span> 
     </span>
     <span class='ocr_line' id='line_1_24' title="bbox 69 1895 1345 1964; baseline 0.003 -20"><span class='ocrx_word' id='word_1_141' title='bbox 69 1895 228 1944; x_wconf 90' lang='lat' dir='ltr'><strong>Vosne</strong></span> <span class='ocrx_word' id='word_1_142' title='bbox 257 1912 343 1962; x_wconf 87' lang='lat' dir='ltr'><strong>ego</strong></span> <span class='ocrx_word' id='word_1_143' title='bbox 367 1898 512 1958; x_wconf 87' lang='lat' dir='ltr'><strong>patiar</strong></span> <span class='ocrx_word' id='word_1_144' title='bbox 539 1915 651 1946; x_wconf 89' lang='lat' dir='ltr'><strong>cum</strong></span> <span class='ocrx_word' id='word_1_145' title='bbox 678 1901 906 1947; x_wconf 89' lang='lat' dir='ltr'><strong>mendicis</strong></span> <span class='ocrx_word' id='word_1_146' title='bbox 936 1913 1134 1964; x_wconf 81' lang='lat' dir='ltr'><strong>nuptas,</strong></span> <span class='ocrx_word' id='word_1_147' title='bbox 1164 1917 1243 1947; x_wconf 89' lang='lat' dir='ltr'><strong>me</strong></span> <span class='ocrx_word' id='word_1_148' title='bbox 1272 1903 1345 1950; x_wconf 81' lang='lat' dir='ltr'><strong>vi-</strong></span> 
     </span>
     <span class='ocr_line' id='line_1_25' title="bbox 322 1970 587 2025; baseline 0 -11"><span class='ocrx_word' id='word_1_149' title='bbox 322 1984 384 2014; x_wconf 89' lang='lat' dir='ltr'><strong>vo</strong></span> <span class='ocrx_word' id='word_1_150' title='bbox 401 2003 416 2025; x_wconf 86' lang='lat'><strong>,</strong></span> <span class='ocrx_word' id='word_1_151' title='bbox 444 1970 550 2016; x_wconf 85' lang='lat' dir='ltr'>viris</span> <span class='ocrx_word' id='word_1_152' title='bbox 564 1971 587 2015; x_wconf 85' lang='lat'>?</span> 
     </span>
     <span class='ocr_line' id='line_1_26' title="bbox 450 2059 967 2096; baseline 0.006 -4"><span class='ocrx_word' id='word_1_153' title='bbox 450 2059 479 2092; x_wconf 85' lang='lat' dir='ltr'>P</span> <span class='ocrx_word' id='word_1_154' title='bbox 514 2061 536 2092; x_wconf 95' lang='lat'>1</span> <span class='ocrx_word' id='word_1_155' title='bbox 572 2062 608 2094; x_wconf 89' lang='lat' dir='ltr'>N</span> <span class='ocrx_word' id='word_1_156' title='bbox 646 2060 681 2094; x_wconf 93' lang='lat' dir='ltr'>A</span> <span class='ocrx_word' id='word_1_157' title='bbox 717 2063 744 2094; x_wconf 85' lang='lat' dir='ltr'><strong>c</strong></span> <span class='ocrx_word' id='word_1_158' title='bbox 781 2063 803 2095; x_wconf 93' lang='lat'>1</span> <span class='ocrx_word' id='word_1_159' title='bbox 839 2062 875 2094; x_wconf 83' lang='lat' dir='ltr'>U</span> <span class='ocrx_word' id='word_1_160' title='bbox 909 2063 967 2096; x_wconf 92' lang='lat' dir='ltr'><strong>M.</strong></span> 
     </span>
     <span class='ocr_line' id='line_1_27' title="bbox 66 2126 1342 2197; baseline 0.005 -23"><span class='ocrx_word' id='word_1_161' title='bbox 66 2127 224 2174; x_wconf 85' lang='lat' dir='ltr'><strong>Placet</strong></span> <span class='ocrx_word' id='word_1_162' title='bbox 250 2127 329 2173; x_wconf 80' lang='lat' dir='ltr'><strong>ille</strong></span> <span class='ocrx_word' id='word_1_163' title='bbox 346 2143 480 2172; x_wconf 90' lang='lat' dir='ltr'><strong>meus</strong></span> <span class='ocrx_word' id='word_1_164' title='bbox 504 2126 622 2172; x_wconf 81' lang='lat' dir='ltr'><strong>mihi</strong></span> <span class='ocrx_word' id='word_1_165' title='bbox 641 2127 902 2175; x_wconf 85' lang='lat' dir='ltr'><strong>mendicus.</strong></span> <span class='ocrx_word' id='word_1_166' title='bbox 931 2146 1039 2176; x_wconf 90' lang='lat' dir='ltr'><strong>suus</strong></span> <span class='ocrx_word' id='word_1_167' title='bbox 1056 2147 1141 2176; x_wconf 85' lang='lat' dir='ltr'><strong>rex</strong></span> <span class='ocrx_word' id='word_1_168' title='bbox 1157 2135 1342 2197; x_wconf 85' lang='lat' dir='ltr'><strong>reginae</strong></span> 
     </span>
     <span class='ocr_line' id='line_1_28' title="bbox 316 2203 485 2263; baseline 0 -16"><span class='ocrx_word' id='word_1_169' title='bbox 316 2203 485 2263; x_wconf 85' lang='lat' dir='ltr'><strong>placet.</strong></span> 
     </span>
     <span class='ocr_line' id='line_1_29' title="bbox 41 2273 1339 2339; baseline 0.003 -19"><span class='ocrx_word' id='word_1_170' title='bbox 41 2327 44 2332; x_wconf 26' lang='lat'><strong>¹</strong></span> <span class='ocrx_word' id='word_1_171' title='bbox 66 2273 203 2322; x_wconf 87' lang='lat' dir='ltr'><strong>Idem</strong></span> <span class='ocrx_word' id='word_1_172' title='bbox 229 2276 411 2322; x_wconf 84' lang='lat' dir='ltr'><strong>animus</strong></span> <span class='ocrx_word' id='word_1_173' title='bbox 437 2285 503 2319; x_wconf 88' lang='lat' dir='ltr'><strong>est</strong></span> <span class='ocrx_word' id='word_1_174' title='bbox 530 2274 581 2320; x_wconf 92' lang='lat' dir='ltr'><strong>in</strong></span> <span class='ocrx_word' id='word_1_175' title='bbox 608 2286 912 2336; x_wconf 82' lang='lat' dir='ltr'><strong>paupertate,</strong></span> <span class='ocrx_word' id='word_1_176' title='bbox 938 2278 1024 2339; x_wconf 85' lang='lat' dir='ltr'><strong>qui</strong></span> <span class='ocrx_word' id='word_1_177' title='bbox 1051 2278 1165 2324; x_wconf 87' lang='lat' dir='ltr'><strong>olim</strong></span> <span class='ocrx_word' id='word_1_178' title='bbox 1189 2278 1241 2323; x_wconf 92' lang='lat' dir='ltr'><strong>in</strong></span> <span class='ocrx_word' id='word_1_179' title='bbox 1267 2277 1339 2335; x_wconf 41' lang='lat' dir='ltr'><strong>diff</strong></span> 
     </span>
     <span class='ocr_line' id='line_1_30' title="bbox 315 2348 1070 2398; baseline -0.001 0"><span class='ocrx_word' id='word_1_180' title='bbox 315 2349 437 2398; x_wconf 87' lang='lat' dir='ltr'><strong>vitiis</strong></span> <span class='ocrx_word' id='word_1_181' title='bbox 467 2348 570 2395; x_wconf 89' lang='lat' dir='ltr'><strong>fuit.</strong></span> <span class='ocrx_word' id='word_1_182' title='bbox 1066 2354 1070 2367; x_wconf 82' lang='lat'><strong><em>¹</em></strong></span> 
     </span>
    </p>
   </div>
  </div>
 </body>
</html>
