1630 2866
84 172 216 227 ’.μ
349 155 638 204 Acrus
683 158 803 204 111.
847 156 951 205 sc
1003 157 1102 205 vr.
1298 162 1365 226 σς

579 279 611 311 L
646 280 680 312 Y
714 280 742 312 c
778 278 816 312 U
855 278 894 313 s.

84 339 227 387 Nunc
254 341 340 402 pol
370 357 458 405 ego
482 343 601 403 perii
628 354 782 400 certo,
821 342 950 388 haud
977 342 1232 390 arbitrario.

86 414 317 463 Consulto
345 417 437 463 hoc
459 417 640 463 factum
662 417 717 462 ’st
730 451 745 473 ‚
767 417 887 462 mihi
903 427 958 463 ut
974 416 1166 462 insidiae
1183 417 1363 466 fierent.

84 486 182 536 Sed
208 491 329 551 quid
359 507 446 555 ego
476 490 651 536 dubito
673 489 833 555 fugere
855 490 965 536 hinc
989 490 1041 536 in
1057 492 1230 538 malam
1255 509 1364 540 cru-

337 581 442 611 cem
460 600 476 622 ‚

85 638 365 701 Priusquam
389 640 586 695 obtorto
613 640 738 686 collo
763 639 825 685 ad
848 640 1115 688 Praetorem
1140 643 1331 691 trahor?

85 708 249 756 Eheu!
283 728 430 772 quam
457 728 545 776 ego
579 712 723 758 habui
755 713 925 760 ariolos
955 715 1244 778 haruspices!

90 781 194 850 Qui
215 783 251 828 si
282 784 403 844 quid
427 785 544 831 boni
568 785 884 846 promittunt,
910 804 997 849 pro
1021 788 1160 850 spisso
1185 790 1342 835 evenit
1353 794 1371 836 ε’

87 855 149 900 Id
176 857 310 916 quod
336 858 447 902 mali
474 857 766 919 promittunt
783 893 798 916 ‚
825 861 1194 921 praesentarium
1223 861 1289 906 ’st.

86 926 231 974 Nunc
257 930 341 975 ibo
359 965 374 988 ‚
405 931 579 976 amicos
611 933 880 988 consulam,
912 949 1012 993 quo
1036 951 1116 979 me
1148 934 1301 981 modo

85 998 382 1063 suspendere
406 1018 615 1064 aequom
642 1015 861 1050 censeant
890 1005 1220 1066 potissumum.

447 1152 813 1201 SCENA
895 1155 1001 1203 VI.

88 1292 1367 1351 AGORASTOGLES.COLLYBISGUS,

217 1362 222 1366 ’
522 1374 940 1413 ADVOcATL

348 1491 1195 1545 AGoRASTocLEs.¹

88 1546 270 1655 AGE
304 1619 358 1653 tu
397 1608 715 1671 progredere,
747 1620 804 1655 ut
829 1620 963 1656 testes
991 1610 1186 1658 videant
1218 1621 1267 1657 te
1298 1612 1368 1658 ire

339 1682 472 1727 istinc
506 1681 641 1727 foras.

88 1756 231 1803 Eme
258 1756 335 1803 hic
358 1773 515 1802 servos
536 1773 670 1802 meus
685 1757 707 1802 ?

379 1840 1076 1875 COLLYBISCUS.

458 1900 577 1947 Sum
606 1901 841 1946 mehercle
862 1917 975 1947 vero
990 1935 1004 1957 ,
1034 1901 1362 1963 Agorastocles,

343 1985 1123 2021 AGORASTOCLES.

92 2043 230 2114 Quid
258 2059 413 2102 nunc,
442 2048 628 2093 sceleste
657 2046 797 2093 leno?

441 2130 477 2162 A
512 2130 547 2161 D
583 2131 621 2164 v
656 2132 689 2163 o
725 2131 752 2162 c
790 2131 823 2163 Α
862 2132 893 2163 Τ
928 2131 966 2163 U
1002 2131 1040 2165 s.

810 2192 1024 2259 Quicum
1055 2193 1202 2255 litigas
1220 2225 1235 2247 ‚

90 2252 331 2301 Abscessit.
955 2314 959 2319 .

346 2327 1125 2364 AGORASTOCLES.

348 2388 539 2435 Utinam
568 2388 680 2435 hinc
715 2388 884 2436 abierit
911 2391 1084 2437 malam
1112 2389 1315 2439 crucem.
