1598 2814
213 186 306 230 550
439 169 1244 218 TRUCULENTUS.
1367 186 1493 232 v.47

477 282 1268 325 STRATOPHANES.

889 358 935 406 Si
955 359 1096 420 plane
1121 374 1180 404 ex
1197 358 1359 404 medio
1381 347 1498 420 mari

215 430 408 478 Savium
438 440 600 491 petere
627 441 767 476 tuum
790 432 958 495 jubeas
973 467 987 489 ,
1011 442 1173 493 petere
1195 431 1323 482 haud
1345 432 1503 496 pigeat

328 561 330 563 ‚
468 520 546 549 me
563 538 576 560 ,
603 505 700 549 mel
730 521 908 550 meum.

214 577 274 623 ld
301 577 365 623 ita
393 592 486 622 esse
515 589 706 637 experta
737 594 806 635 es,
834 593 1065 638 nuncque
1098 577 1367 639 experiere,
1393 593 1499 625 mea

469 650 780 697 Phronesium
796 686 810 708 ‚

217 725 298 771 Me
329 735 377 770 te
398 741 564 770 amare.
595 724 780 771 adduxi
806 727 991 773 ancillas
1020 726 1110 772 tibi
1139 743 1264 773 eccas
1294 743 1354 772 ex
1373 724 1506 772 Suria

474 796 615 845 duas;

220 872 282 917 Iis
307 882 355 917 te
373 871 519 917 dono.
551 871 736 919 adduce
754 874 849 920 huc
869 884 924 920 tu
941 875 1054 920 istas.
1086 874 1169 921 sed
1193 875 1303 921 istae
1321 875 1506 939 reginae

430 1004 433 1009 Δ
473 944 618 992 (1οωί,

221 1016 342 1063 Suae
376 1017 510 1062 fuere
544 1007 736 1063 amBae:
777 1034 946 1064 verum
983 1019 1183 1079 patriam
1224 1035 1312 1083 ego
1351 1018 1507 1064 excidi

481 1107 641 1136 manu.

222 1165 281 1210 Iis
305 1175 354 1210 te
386 1163 528 1209 dono.

549 1247 577 1280 P
614 1242 648 1278 H
683 1246 716 1278 R
754 1246 786 1278 ο
826 1247 860 1279 N
899 1246 928 1278 Ε
968 1245 990 1278 s
1026 1246 1047 1278 1
1086 1247 1121 1278 U
1158 1248 1215 1280 M.

507 1313 790 1359 Poenitetne
816 1323 864 1358 te
888 1324 1009 1373 quot
1028 1314 1220 1361 ancillae
1242 1325 1353 1361 sunt
1372 1316 1508 1380 jam?

225 1385 392 1454 Qujne
411 1386 553 1432 etiam
572 1401 710 1446 supet
728 1384 931 1431 adducas
949 1420 962 1442 ‚
980 1401 1104 1446 quae
1123 1387 1244 1433 mihi
1260 1382 1509 1435 ''comedint

961 1458 1164 1505 cibum?

489 1550 1275 1586 STRATOPHANES.

265 1672 269 1676 Α
1167 1620 1276 1672 Hoc
1308 1623 1507 1684 quidem

227 1696 399 1742 Hercle
413 1696 450 1742 si
467 1696 708 1758 ingratum
722 1696 776 1740 'st
794 1695 998 1753 donum,
1012 1695 1132 1742 cedo
1151 1707 1206 1742 tu
1221 1696 1338 1743 mihi
1355 1697 1510 1754 istam,

486 1787 634 1831 puere
651 1806 664 1826 ‚
689 1773 918 1832 perulam.

230 1845 389 1892 Hem!
414 1861 520 1891 mea
545 1846 764 1905 voluptas
783 1879 796 1901 ,
833 1845 985 1890 adtuli
1012 1833 1167 1893 eccam
1195 1847 1423 1909 pallulam
1452 1863 1517 1894 ex-

481 1934 624 1979 parva
658 1918 849 1965 Graecia
877 1918 981 1964 tibi.

230 1994 364 2039 Tene
398 1993 499 2038 tibi.

516 2078 1220 2124 vPHRONESIUM.
1379 2126 1385 2130 ι

295 2150 510 2196 Hoccine
526 2150 645 2195 mihi
667 2150 728 2195 ob
745 2149 923 2196 labores
947 2162 1098 2197 tantos
1115 2151 1354 2196 tantillum
1376 2147 1507 2194 dari?

488 2259 1276 2294 STRATOPHANES.

230 2327 349 2374 Perii
373 2329 532 2375 hercle
561 2328 720 2374 miser!
743 2329 844 2392 jam
870 2329 987 2374 mihi
1010 2343 1122 2374 auro
1146 2336 1308 2372 contra
1326 2336 1515 2373 constat*

488 2402 619 2447 filius.
