1630 2866
194 138 285 196 428
492 136 1140 188 TRINUMMUS.
1336 161 1468 208 v.·99

193 243 553 290 Inconciliastin’
575 262 714 302 eum,
743 246 828 307 qui
845 247 1076 294 mandatu
1095 250 1150 295 ’st
1176 249 1259 296 tibi
1279 251 1300 296 ?

190 318 279 365 Ille
303 322 387 381 qui
413 322 682 380 mandavit,
703 340 815 369 eum
849 325 1104 372 exturbasti
1129 343 1189 372 ex
1210 328 1437 376 aedibus?
1507 359 1529 387 ,-

188 393 377 454 Edepol
393 396 674 442 mandatum
694 397 918 459 pulchre,
946 409 993 444 et
1019 411 1234 447 curatum
1258 402 1433 464 probe!

190 468 341 514 Crede
369 462 479 535 huic
501 481 629 517 tute:
659 459 793 519 inam
807 472 907 535 jam
932 473 1099 518 melius
1118 471 1221 521 rem
1240 477 1433 539 gesserit.

544 565 571 596 C
609 565 641 597 A
678 566 707 598 L
742 566 772 599 L
808 568 828 600 Ῑ
866 567 892 599 C
931 566 960 598 L
997 566 1026 599 E
1064 565 1099 599 S.

185 624 369 688 Subigis
397 626 657 672 maledictis
684 643 763 672 me
789 628 909 684 tuis,
947 627 1272 691 Megaronides
1289 662 1303 685 ‚

184 697 328 743 Novo
347 700 499 746 modo
518 700 660 758 adeo,
690 713 746 748 ut
765 702 901 762 quod
918 719 1050 748 meae
1075 700 1402 748 concreditum
1414 703 1468 750 ’st

183 769 511 818 Taciturnitati
540 774 686 831 clam,
719 773 832 819 fidei
865 785 913 820 et
942 774 1175 831 fiduciae,

183 842 257 887 Ne
290 845 584 892 enuntiarem
613 846 906 908 quoiquam,
935 864 1031 893 neu
1057 846 1256 892 facerem
1284 849 1464 909 palam:

183 915 263 961 Uti
282 918 396 962 mihi
417 935 598 965 necesse
631 921 688 966 sit
715 921 816 984 jam
849 920 900 965 id
933 919 1020 966 tibi
1055 919 1353 966 concredere.

475 1010 1206 1044 MEGARONIDES.

180 1066 301 1112 Mihi
330 1067 465 1128 quod
497 1069 771 1127 credideris,
803 1085 982 1126 sumeS‚
1016 1069 1103 1115 ubi
1130 1068 1364 1131 posiveris.

539 1153 566 1184 c
604 1153 637 1185 A
675 1153 704 1184 L
741 1153 770 1186 L
806 1155 825 1186 1
861 1153 887 1184 c
923 1153 954 1186 L
989 1152 1019 1184 Ε
1057 1153 1093 1186 s.

180 1209 620 1271 Circumspicedum
650 1226 723 1269 te,
752 1229 814 1257 ne
842 1211 946 1272 quis
964 1212 1068 1257 assit
1094 1211 1268 1258 arbiter

178 1281 346 1328 Nobis:
377 1294 423 1328 et
454 1300 627 1344 quaeso
659 1284 923 1331 identidem
955 1284 1272 1346 circumspice.

471 1369 1199 1405 MEGARONIDES.

176 1428 435 1488 Ausculto,
467 1431 503 1476 si
532 1433 651 1492 quid
679 1433 812 1479 dicas.

538 1521 565 1552 C
602 1520 636 1553 A
672 1521 702 1554 L
740 1522 771 1554 L
811 1521 831 1555 I
870 1524 896 1555 C
935 1523 966 1556 L
1001 1523 1031 1555 E
1070 1523 1109 1557 S.

841 1581 889 1627 Si
920 1594 1091 1640 taceas,
1122 1584 1305 1644 loquar.

178 1650 424 1718 Quoniam
451 1649 558 1694 hinc
587 1661 654 1696 est
681 1653 919 1712 profectus
942 1655 1459 1719 peregressharmides,

175 1724 473 1769 Thesaurum
491 1725 609 1769 mihi
633 1725 972 1774 demonstravit
989 1729 1039 1774 in
1058 1729 1181 1775 hisce
1196 1729 1392 1777 aedibus
1406 1764 1422 1789 ,
1454 1755 1458 1758 ⁴

174 1795 268 1842 Hic
294 1797 343 1841 in
367 1799 579 1843 conclavi
610 1800 835 1859 quodam.
862 1802 944 1848 sed
973 1803 1303 1865 circumspice!

469 1872 1196 1922 MEGARONIDES.

173 1932 446 1980 Nemoest.

529 2011 1084 2051 cALL1CL13s.

415 2072 739 2121 Nummorum
765 2077 1073 2140 Philippeum
1093 2080 1153 2126 ad
1176 2081 1262 2126 tria
1289 2079 1449 2142 millia..

171 2145 231 2190 Id
259 2147 382 2191 solus
412 2147 592 2203 solum,
627 2164 714 2208 per
746 2150 997 2211 amicitiam
1029 2164 1075 2199 et
1109 2169 1194 2214 per
1225 2151 1395 2205 fidem,

170 2217 208 2261 F
211 2219 309 2264 lens
339 2234 417 2262 me
445 2218 703 2267 obsecravit
721 2256 734 2278 ‚
767 2239 944 2285 suone
971 2236 1113 2288 gnato
1144 2222 1413 2276 crederem,

170 2289 303 2337 Neve
336 2291 631 2352 quoiquam,
665 2295 796 2341 unde
831 2296 891 2342 ad
927 2314 1038 2343 eum
1070 2296 1120 2342 id
1148 2303 1302 2356 posset
1334 2307 1443 2353 per-

423 2381 697 2412 manascere.
767 2407 769 2410 ,
