1630 2866
199 174 235 220 δ
495 166 1140 218 PROLOGUS
1347 183 1481 230 ψη

202 280 295 329 Vel
312 293 385 326 aes
404 294 491 340 pro
508 277 659 339 capite
681 275 817 323 dent:
845 276 881 322 si
903 275 956 322 id
978 275 1126 324 facere
1147 292 1246 324 non
1263 286 1475 338 queunt,

202 354 425 403 Domum
450 353 647 410 abeant,
675 352 827 398 vitent
855 351 1047 413 ancipiti
1074 351 1359 399 infortunio:

203 428 281 475 Ne
311 439 357 473 et
384 426 460 471 hic
490 424 728 470 varientur
761 423 896 488 virgis
913 457 927 481 ,
954 434 1003 470 et
1036 424 1144 470 loris
1169 425 1333 484 domi,

202 500 255 547 Si
278 499 433 546 minus
456 497 703 554 curassint‚
730 512 880 556 quom
898 496 1087 542 veniant
1106 496 1207 543 heri
1231 498 1454 546 domumss

203 574 420 622 Nutrices
439 606 451 629 ‚
481 587 650 633 pueros
682 569 870 616 infantis
903 571 1168 617 minutulos

203 647 356 695 Domi
368 658 424 692 ut
441 654 699 708 procurent
711 678 725 701 ‚
740 659 837 690 neu
855 661 978 705 quae
994 654 1259 706 spectatum
1276 643 1488 703 afferant,

204 720 282 767 Ne
311 732 358 767 et
382 720 506 781 ipsae
542 719 697 764 sitiant
715 752 728 777 ,
762 729 811 764 et
834 718 970 780 pueri
993 729 1189 779 pereant
1216 717 1365 764 fame:

206 794 343 840 Neve
375 793 624 838 esurientes
655 792 732 837 hic
767 791 898 854 quasi
930 791 1071 838 haedi
1101 791 1368 855 obvagiant-

208 867 455 915 Matronae
487 865 653 912 tacitae
686 877 900 927 spectent
917 900 931 923 ,
955 865 1121 912 tacitae
1146 866 1366 924 rideant,

210 940 395 986 Canora
427 939 503 985 hic
534 954 652 984 voce
684 955 764 984 sua
800 938 973 983 tinnire
1006 948 1289 998 temperent.

210 1013 434 1060 Domum
463 1027 699 1057 sermones
729 1010 977 1056 fabulandi
1001 1010 1246 1057 conferant
1261 1045 1278 1068 ,

214 1086 291 1132 Ne
319 1097 366 1131 et
397 1085 473 1130 hic
504 1084 611 1131 viris
641 1083 734 1130 sint
763 1094 810 1129 et
842 1082 975 1128 domi
1009 1083 1264 1129 molestiae.

217 1157 475 1225 Quodque
505 1157 567 1203 ad
595 1155 824 1202 ludorum
852 1166 1084 1202 curatores
1114 1155 1331 1213 adtinet‚·

217 1232 293 1279 Ne
328 1233 485 1292 palma
517 1231 655 1276 detur
689 1230 956 1290 quoiquam
983 1228 1146 1275 artifici
1177 1228 1374 1294 injuria,

218 1304 354 1350 Neve
381 1302 650 1350 ambitionis
683 1320 836 1350 caussa
863 1303 1176 1350 extrudantur
1210 1302 1330 1350 foras
1348 1335 1364 1360 ,

220 1377 338 1446 Quo
371 1375 622 1421 deteriores
658 1387 1008 1438 anteponantur
1042 1375 1192 1421 bonis.

220 1450 284 1498 Et
312 1451 404 1497 hoc
438 1466 636 1511 quoque
658 1450 799 1496 etiam
816 1484 830 1508 ‚
865 1451 1004 1512 quod
1023 1465 1173 1512 paene
1202 1448 1380 1496 oblitus
1407 1445 1510 1505 fui,

222 1525 359 1574 Dum
391 1524 497 1570 ludi
529 1524 651 1569 fiunt
669 1558 682 1581 ‚
713 1524 764 1570 in
789 1525 1016 1586 popinam
1031 1558 1046 1581 ,
1067 1521 1349 1585 pedisequi,

223 1599 562 1659 Inruptionem
592 1596 756 1648 facite;
785 1615 915 1644 nunc
947 1598 1067 1644 dum
1105 1598 1282 1644 occasio
1300 1597 1355 1641 ’st
1375 1629 1391 1652 ‚

226 1672 368 1718 Nunc
405 1671 524 1716 dum
555 1672 797 1717 'scribilitae
834 1682 1043 1717 aestuant
1061 1706 1076 1728 ‚
1112 1669 1351 1716 occurrite.

226 1743 358 1790 Haec
383 1743 608 1804 imperata
630 1760 751 1804 quae
780 1757 890 1791 sunt
915 1761 1004 1806 pro
1028 1744 1227 1805 imperio
1254 1741 1445 1788 histrico
1460 1774 1476 1798 ‚

227 1817 419 1866 Bonum
451 1817 607 1863 hercle
642 1816 847 1876 factum,
882 1834 971 1880 pro
1005 1834 1051 1864 se
1089 1818 1291 1879 quisque
1325 1826 1381 1861 ut
1409 1830 1511 1861 me-

488 1891 693 1938 minerit.

230 1964 310 2010 Ad
340 1975 674 2028 argumentum
704 1979 835 2009 nunc
862 1963 1112 2009 vicissatim
1143 1961 1257 2008 volo

231 2038 498 2102 Remigrare
515 2072 529 2094 ‚
556 2053 708 2098 aeque
740 2048 796 2082 ut
823 2053 1015 2083 mecum
1050 2035 1142 2081 sitis
1174 2035 1425 2099 ignarures.

231 2112 342 2176 Ejus
369 2128 497 2157 nunc
522 2112 732 2175 regiones
749 2145 763 2168 ‚
787 2111 957 2156 limites
975 2145 989 2167 ,
1019 2110 1223 2156 confinia

232 2183 601 2231 Determinabo:
634 2184 676 2229 ei
706 2184 772 2230 rei
802 2183 961 2229 finitor
990 2183 1135 2229 factus
1170 2200 1275 2229 sum
1303 2198 1406 2247 ego.
1446 2240 1451 2244 ¹

153 2294 158 2300 .
234 2256 329 2304 Sed
358 2258 445 2303 nisi
472 2259 729 2306 molestum
749 2259 831 2316 'st‚
861 2274 1043 2304 nomen
1076 2258 1186 2303 dare
1208 2257 1344 2303 vobis
1370 2255 1484 2301 volo

237 2331 547 2377 Comoediai:
581 2332 651 2378 sin
678 2331 793 2378 odio
812 2332 890 2389 'st‚
917 2331 1070 2377 dicam
1096 2342 1284 2376 tamen:

238 2402 485 2464 Siquidem
518 2405 678 2451 licebit
710 2421 797 2466 per
827 2405 960 2463 illos,
999 2402 1169 2465 quibus
1193 2411 1260 2447 est
1284 2399 1333 2444 in
1355 2413 1516 2445 manu.
