1630 2866
76 198 189 241 ηυξ
363 178 652 227 ACTUS
703 177 763 226 V.
816 175 921 225 SC.
965 178 1083 224 ΙΙΙ.
1289 192 1346 240 9⁸

88 288 243 336 Herus
272 304 405 334 meus
439 287 514 333 hic
549 285 747 347 quidem
778 285 861 343 'st‚
893 298 1105 332 mearum
1138 285 1351 331 alumna-

333 378 442 408 rum
468 372 602 422 pater
620 394 636 416 ‚

85 436 260 483 Hanno
291 433 689 500 Carthaginiensis.

501 522 544 555 M
579 521 601 553 1
637 520 668 553 L
705 519 733 551 P
769 519 804 552 H
840 520 859 552 1
896 520 942 552 Ο.

690 581 810 627 Ecce
831 592 991 627 autem
1020 582 1167 627 mala!

85 654 403 718 Praestigiator
435 654 511 700 hic
545 653 742 715 quidem
764 654 948 700 Poenus
973 654 1132 715 ptobu
1153 654 1236 712 'st‚

85 725 313 772 Perduxit
338 727 489 773 omnis
514 727 576 772 ad
604 743 734 772 suam
763 726 1056 772 sententiam.

441 813 474 847 G
508 815 530 846 1
566 815 602 847 D
636 815 672 847 D
710 814 742 846 Ε
764 815 809 847 ,Ν
843 814 873 846 Ε
910 814 952 846 Μ
987 815 1033 848 Ε.

88 874 138 920 Ο
166 875 236 920 mi
260 874 396 931 here,
421 876 543 921 salve
560 909 574 932 ,
602 875 809 932 Hanno,
833 875 1211 936 insperatissume

86 946 206 992 Mihi
234 947 421 1007 tuisque
450 946 578 1002 filiis,
607 947 754 992 salve:
787 958 932 1006 atque
959 947 1078 991 eho!

86 1017 243 1063 Mirari
276 1017 404 1074 noli,
437 1032 597 1077 neque
621 1032 700 1062 me
725 1016 1099 1078 contemplarier.

88 1091 357 1154 Cognostin’
386 1081 724 1137 Giddenemen
756 1092 972 1137 ancillam
1006 1090 1179 1137 tuam?

571 1178 606 1210 H
642 1178 676 1211 A
712 1178 746 1211 N
780 1179 814 1212 N
852 1178 900 1211 O.

87 1234 227 1281 Novi.
254 1235 336 1281 sed
360 1236 444 1283 ubi
470 1248 578 1283 sunt
599 1254 731 1284 meae
749 1239 945 1304 gnatae?
968 1238 1021 1284 id
1037 1237 1151 1284 scire
1167 1249 1353 1299 expeto.

437 1329 471 1362 G
505 1330 527 1362 1
563 1331 599 1363 D
634 1331 671 1363 D
707 1330 739 1364 Ε
774 1332 809 1365 N
844 1331 875 1364 Ε
910 1333 954 1365 Μ
987 1332 1034 1365 Ε.

85 1383 237 1451 'Apud
265 1387 432 1435 aedem
449 1389 656 1437 Veneris.

564 1474 600 1507 Η
636 1475 671 1507 A
706 1475 741 1508 N
774 1476 808 1509 N
845 1477 893 1510 0.

617 1534 757 1603 Quid
789 1536 859 1583 ibi
887 1535 1100 1583 faciunt?
1124 1537 1202 1583 di'c
1224 1536 1355 1582 mihi.

445 1616 480 1650 G
514 1618 536 1651 1
571 1619 608 1651 D
643 1621 679 1652 D
711 1620 744 1653 Ε
778 1621 813 1653 Ν
846 1621 877 1653 E
912 1622 955 1654 Μ
990 1622 1034 1654 Ε.

10 1741 14 1743 Α
89 1676 366 1739 Aphrodisia
396 1679 541 1727 hodie
568 1681 763 1728 Veneris
793 1693 860 1728 est
889 1681 1031 1728 festus
1062 1682 1185 1728 dies:

91 1750 295 1797 Gratum
322 1753 477 1799 ierunt
504 1753 658 1800 Deam
673 1789 688 1812 ‚
727 1765 782 1800 ut
810 1755 896 1800 sibi
927 1766 1041 1801 esset
1067 1755 1282 1816 propitia.

508 1839 551 1873 M
584 1841 607 1874 1
637 1841 671 1874 1.
705 1842 733 1875 P
770 1842 805 1874 Η
840 1843 861 1874 1
896 1842 941 1875 o.

89 1894 182 1941 Pol
199 1897 300 1942 satis
326 1899 419 1945 scio
444 1900 763 1961 inpetrarunt,
796 1902 990 1962 quando
1016 1902 1092 1948 hic
1118 1902 1191 1947 hic
1216 1901 1355 1947 adest.

344 1982 1120 2020 AGORASTOCLES.

96 2037 199 2084 Eho
222 2054 281 2083 an
311 2039 448 2104 hujus
479 2056 589 2089 sunt
622 2045 724 2090 illae
750 2046 904 2092 filiae?

453 2126 483 2158 G
519 2127 540 2159 1
577 2129 612 2159 D
649 2130 683 2161 D
720 2131 750 2161 E
785 2131 819 2163 N
853 2127 884 2164 E
920 2127 963 2164 M
998 2134 1041 2166 E.

419 2195 422 2199 '
896 2191 966 2235 Ita
981 2226 998 2246 ‚
1033 2203 1089 2238 ut
1116 2192 1362 2252 praedicas.

97 2255 204 2301 Tua
236 2255 380 2318 pietas
408 2256 548 2302 n'obis
580 2259 719 2319 plane
752 2261 928 2306 auxilio
956 2263 1073 2319 fuit,

101 2328 272 2396 Quom
301 2330 395 2375 huc
421 2330 645 2376 advenisti
672 2331 814 2377 hodie
846 2332 899 2377 in
925 2333 1025 2395 ipso
1059 2345 1287 2397 tempore.

95 2402 320 2466 Namque
349 2404 494 2451 hodie
525 2420 685 2450 earum
719 2415 1012 2454 mutarenmr
1044 2410 1236 2455 nomina
1251 2443 1267 2468 ‚
