1598 2814
76 201 204 261 v.63
486 193 819 244 ACTUS
882 194 943 240 V.
1260 192 1348 251 587

493 317 517 351 s
553 318 587 351 ἰ’
622 318 657 351 R
687 317 723 350 A
758 316 787 348 Β
823 315 859 348 A
893 313 946 347 x.

74 381 155 428 Tu
182 379 454 444 peregrinus
484 395 556 425 es:
587 378 663 424 hic
685 376 875 423 habito:
906 375 1054 422 timeo
1086 390 1229 421 meos
1252 389 1353 420 non

325 468 414 517 ego
441 453 653 498 ambulo.

75 526 231 572 Pecua
264 525 328 572 ad
366 525 490 571 hanc
528 525 653 572 collo
687 524 741 570 in
772 522 988 570 crumina
1026 539 1116 588 ego
1152 522 1355 586 obligata

326 601 503 648 defero.
733 648 738 651 ,

330 686 1124 722 ετΒΛΤοΡΗΑΝΕε.

74 748 215 820 Quid
231 748 377 798 dedi?
404 759 462 795 ut
485 747 698 793 distrinxi
722 748 998 794 hominem!

498 834 521 868 s
561 833 592 866 'r
628 835 662 867 R
697 834 732 867 A
767 834 796 866 Β
832 834 866 866 A
902 835 952 867 x.

652 893 807 946 Immo
832 909 919 957 ego
938 892 1079 949 ffero,
1110 892 1196 952 qui
1223 890 1348 936 dedi.

400 975 1059 1009 PHROVNESIUM.

80 1037 105 1082 1
127 1052 253 1083 nunc
280 1035 406 1081 intro
419 1069 433 1092 ‚
456 1035 624 1082 amabo
640 1070 654 1093 ‚
683 1048 732 1081 et
753 1046 809 1082 tu
829 1053 941 1101 ergo
962 1037 1045 1081 hac
1066 1051 1275 1081 mecum.

343 1129 1125 1164 STRATOPHANES.

706 1190 788 1235 Tu
815 1190 904 1252 eris'
927 1205 1118 1235 mecum
1145 1187 1358 1250 quidem.

503 1272 526 1306 S
562 1274 595 1306 Τ
630 1273 664 1306 R
699 1273 734 1306 A
769 1274 797 1305 B
833 1273 868 1306 A
905 1274 954 1307 X.

86 1332 224 1402 Quid
243 1344 299 1379 tu
313 1367 326 1390 ,
346 1332 467 1393 quid
488 1333 581 1378 ais?
607 1349 720 1379 cum
738 1334 935 1379 hoccine
951 1335 973 1379 ?

345 1416 1135 1452 STRATOPHANES.

859 1477 961 1538 Ego
987 1478 1215 1537 posterior
1235 1477 1362 1522 dedi.

414 1561 443 1592 Ρ
480 1561 513 1592 Η
548 1561 582 1593 R
620 1560 652 1592 o
691 1562 726 1594 N
760 1562 790 1593 Ε
828 1561 851 1594 s
886 1562 907 1594 1
944 1562 979 1593 U
1016 1563 1071 1595 Μ.

87 1621 169 1667 Tu
187 1620 390 1677 dedisti,
419 1620 497 1665 hic
508 1621 609 1683 jam
628 1620 802 1667 daturu
818 1622 893 1666 ’stz
921 1621 1039 1667 istuc
1065 1619 1246 1679 habeo,
1269 1622 1361 1667 hoc

267 1724 269 1726 -
341 1707 530 1757 expeto.

89 1765 270 1812 Verum
283 1767 475 1828 utxique
487 1784 590 1813 mos
599 1778 783 1831 geratur
791 1768 1044 1815 amborum
1056 1785 1115 1814 ex
1124 1770 1361 1814 sententia.

346 1862 575 1897 STRA
622 1862 1129 1896 TOPHANES.

90 1919 214 1965 Fiat!
241 1932 296 1966 ut
310 1937 412 1967 rem
430 1932 616 1984 gnatam
633 1921 801 1980 video,
820 1922 913 1967 hoc
933 1921 1272 1982 accipiundum
1281 1922 1358 1979 ’st,

349 1993 486 2053 quod
510 1993 660 2039 datur.

514 2077 537 2110 s
572 2078 606 2109 ,Τ
642 2078 676 2110 R
710 2078 743 2110 A
778 2079 806 2110 B
844 2078 879 2111 A
914 2078 963 2109 x.

92 2137 259 2184 Meum
302 2138 503 2205 quidegn
544 2150 592 2184 te
626 2140 805 2186 lectum
842 2151 967 2186 certe
1005 2155 1232 2200 occupaxe
1263 2155 1364 2187 non

177 2215 182 2219 “
348 2211 506 2256 sinam.

418 2295 1069 2330 PHRONESIUM.

95 2351 275 2415 Lepide
306 2366 533 2400 mecastor
564 2357 824 2418 aucupavi,
859 2367 1004 2418 atque
1043 2372 1102 2403 ex
1126 2374 1231 2404 mea
1262 2375 1366 2404 sen-

348 2437 493 2472 tentla
511 2447 520 2470 τ
