1630 2866
197 152 292 210 426
505 147 1162 197 TRINUMMUS.
1355 147 1482 208 v.63

195 260 783 325 Turpilucricupidum'te
815 270 989 305 vocant
1019 259 1141 305 cives
1170 259 1256 304 tui.

194 339 326 384 Tum
351 347 509 381 autem
542 345 653 379 sunt
682 333 792 390 alii,
826 333 911 393 qui
932 344 979 378 te
1000 332 1262 395 volturium
1280 342 1479 378 vocant:
1525 354 1530 358 ·

190 413 425 458 Hostesne
456 424 515 452 an
547 408 668 453 cives
696 405 903 452 comedis
921 439 933 462 ‚
963 403 1316 466 parvipendere.

193 469 326 531 Haec
353 498 505 543 quom
522 481 668 528 audio
688 481 736 526 in
762 492 808 526 te
828 480 1000 536 dicier,
1032 477 1274 524 excrucior
1291 480 1443 524 miser.

553 569 580 601 C
617 568 651 601 A
688 569 718 601 L
755 567 785 600 L
823 566 843 598 I
881 566 908 598 C
944 565 974 597 L
1011 565 1040 598 E
1077 563 1114 597 S.

193 629 298 683 Est,
332 641 478 690 atque
496 645 598 675 non
629 639 696 674 est
712 663 724 684 ‚
750 627 864 673 mihi
886 627 937 672 in
957 641 1103 672 manu
1118 660 1131 682 ,
1148 623 1482 689 Megaronides.

195 702 332 773 Quin
347 702 506 748 dicant
518 737 532 760 ,
551 717 653 748 non
673 711 759 747 est:
784 701 957 747 merito
975 711 1030 746 ut
1048 691 1110 746 ne
1129 699 1310 758 dicant,
1329 697 1382 744 id
1398 707 1480 744 est.

490 793 1222 829 MEGARONIDES.

189 857 361 905 Fuitne
382 859 458 905 hic
478 859 567 905 tibi
583 858 760 904 amicus
779 848 1051 902 Charmides
1067 854 1090 901 Ξ)

554 946 580 978 c
620 945 654 977 A
690 944 719 977 L
758 944 788 977 Ι,
824 942 844 976 1
881 942 908 976 c
945 943 975 976 L
1012 942 1042 974 Ε
1083 941 1121 974 s.

970 999 973 1002 ’
1098 1000 1179 1045 Est
1195 1033 1208 1055 ,
1235 1009 1282 1044 et
1305 998 1413 1044 fuit.

185 1075 248 1122 Id
279 1075 341 1118 ita
361 1089 453 1118 esse
474 1084 528 1118 ut
546 1072 703 1118 credas
718 1107 731 1130 ‚
754 1090 857 1118 rem
881 1072 967 1118 tibi
990 1083 1235 1118 auctorem
1257 1070 1401 1117 dabo.

190 1149 316 1195 Nam
340 1158 591 1208 postquam
612 1147 685 1191 hic
706 1148 802 1211 ejus
828 1163 929 1192 rem
959 1145 1190 1209 confregit
1220 1143 1346 1189 filius
1363 1177 1378 1200 ‚

191 1221 433 1280 Videtque
453 1221 549 1281 ipse
566 1220 626 1265 ad
645 1232 971 1282 paupertatem
985 1230 1281 1282 protractum
1299 1233 1393 1263 esse
1409 1233 1477 1275 se,

193 1294 439 1353 Suamque
460 1294 604 1339 filiam
625 1311 717 1340 esse
741 1294 953 1340 adultam
971 1294 1202 1357 virginem
1217 1324 1232 1349 ‚

190 1366 344 1414 Simul
364 1368 458 1429 ejus
478 1378 703 1423 matrem,
736 1384 965 1428 suamque
985 1382 1186 1412 uxorem
1206 1374 1446 1410 mortuam
1459 1381 1474 1412 3

194 1441 443 1505 Quoniam
476 1441 585 1486 hinc
614 1441 761 1486 iturus
794 1452 860 1486 est
891 1440 989 1502 ipse
1010 1441 1059 1485 in
1086 1437 1380 1494 Seleuciam,

192 1514 311 1561 Mihi
345 1514 678 1560 conmendavit
705 1515 936 1579 virginem
971 1523 1161 1578 gnatam
1190 1527 1349 1566 suam,

191 1590 253 1635 Et
275 1606 371 1634 rem
388 1605 516 1634 suam
536 1604 760 1644 omnem,
777 1598 824 1632 et
842 1587 979 1632 illum
997 1595 1291 1645 conruptum
1306 1581 1478 1627 filium.

193 1663 357 1719 Haec,
384 1662 415 1707 si
444 1662 597 1707 mihi
587 1662 801 1707 mimicus
828 1670 972 1717 esset,
1004 1658 1181 1716 credo,
1223 1655 1354 1703 haud
1383 1669 1485 1700 cre-

450 1734 596 1780 deret.

489 1820 530 1853 M
570 1821 598 1852 E
637 1820 669 1852 G
706 1818 739 1852 A
778 1821 810 1853 R
847 1819 880 1851 Ο
917 1818 951 1851 N
988 1818 1008 1850 1
1044 1818 1079 1850 D
1115 1816 1145 1848 E
1183 1815 1221 1848 S.

197 1883 334 1931 Ouid
367 1894 420 1928 tu
460 1880 840 1936 adulescentem,
877 1895 1026 1958 quem
1059 1893 1152 1923 esse
1186 1874 1478 1936 conruptum

449 1955 606 2010 vides,

196 2030 299 2096 Qui
331 2041 438 2075 tuae
466 2026 723 2072 mandatu’
727 2037 767 2071 st
801 2024 912 2071 fidei
943 2035 990 2070 et
1020 2023 1251 2080 fiduciae,

195 2102 293 2170 Qui
302 2118 331 2145 n
352 2118 463 2146 eum
483 2097 714 2145 restituis?
744 2098 863 2158 quin
882 2097 943 2142 ad
962 2096 1147 2161 frugem
1167 2090 1399 2156 conrigis?

194 2173 245 2218 E}
269 2174 332 2217 rei
354 2189 548 2233 operam
568 2171 675 2216 dare
697 2185 744 2215 te
768 2171 918 2216 fuerat
942 2170 1187 2232 aliquanto
1203 2162 1421 2225 aequiusz

197 2245 246 2290 Si
272 2246 354 2305 qui
378 2245 651 2306 probiorem
676 2242 827 2288 facere
844 2242 1016 2304 possiS,
1036 2255 1134 2286 non
1158 2236 1230 2282 uti

196 2318 255 2361 ln
285 2318 500 2363 eamdem
530 2328 634 2363 tute
663 2316 902 2362 accederes
933 2313 1202 2366 infamiam,

195 2390 479 2452 Malumque
505 2403 561 2436 ut
592 2392 688 2454 ejus
720 2407 834 2436 cum
867 2401 952 2434 tuo
986 2386 1196 2433 misceres
1219 2379 1359 2425 malo.
