1630 2866
101 127 242 230 §.42
392 163 682 214 Ac‘rus
734 165 855 212 111.
901 163 1004 212 sc.
1056 165 1095 211 1.
1316 183 1382 230 43

448 288 486 322 A
522 290 558 322 D
594 288 631 322 V
667 287 699 321 Ο
735 287 766 320 C
803 286 838 320 A
875 287 908 320 T
942 285 978 320 U
1013 286 1052 320 S.

106 349 156 400 si
189 348 309 412 quid
338 359 394 396 tu
424 349 608 412 placide
643 348 888 410 otioseque
913 364 1049 412 agere
1074 348 1165 406 νίε,
1190 363 1385 410 operam

358 424 551 471 damus:

105 495 156 546 Si
180 512 400 560 properas
415 531 429 553 ,
457 512 660 542 cursores
690 496 835 542 meliu
852 496 907 542 'st
933 506 982 542 te
1011 496 1264 543 advocatos
1294 494 1384 542 du-

356 585 475 616 cere.

364 653 1157 689 AGoRAsTocLEs.

106 713 260 773 Scitis,
279 731 381 762 rem
400 716 579 762 narravi
598 715 733 762 vobis
745 750 760 774 ‚
779 716 917 778 quod
932 727 1083 763 νοεῖ-,εει
1105 732 1250 778 opera
1265 715 1385 763 mihi

358 803 478 849 opus
507 788 617 844 siet,
945 826 951 838 .

105 861 182 911 De
223 862 398 908 lenone
433 862 524 907 hoc
541 896 555 918 ‚
596 862 683 922 qui
715 877 796 908 me
827 872 1066 908 amantem
1108 860 1381 907 ludificatur

355 946 454 980 tam
481 933 565 978 diu
581 966 599 990 ‚

105 1007 164 1057 Ei
177 1017 361 1070 paratae
374 1016 431 1052 ut
441 1006 534 1052 sint
548 1006 743 1054 insidiae
761 1007 823 1054 de
835 1023 951 1053 auro
969 1019 1018 1053 et
1031 1007 1242 1053 deservo
1256 1023 1384 1053 meo.

449 1090 484 1123 A
519 1090 556 1124 D
596 1091 634 1126 V
670 1092 703 1125 Ο
739 1093 767 1126 C
803 1093 839 1126 A
875 1092 907 1126 Τ
945 1092 980 1127 U
1016 1091 1054 1126 S.

104 1147 281 1195 Omnia
311 1149 447 1195 istaec
476 1149 645 1197 scimus
671 1151 773 1215 jam
805 1167 922 1209 nos,
957 1152 995 1197 si
1018 1151 1070 1197 hi
1102 1161 1383 1214 spectatores

354 1233 513 1268 sciant.

102 1292 300 1341 Homnc
318 1295 393 1340 hic
418 1310 548 1340 nunc
570 1311 723 1342 caussa
748 1295 863 1343 haec
888 1297 1040 1361 agitur
1065 1309 1385 1360 spectatorum

356 1367 561 1413 Fabula:

103 1437 206 1520 ῌοε
234 1450 283 1485 te
300 1439 436 1485 satius
463 1450 530 1484 est
548 1439 749 1498 docere,
775 1453 860 1498 ut,
890 1442 1085 1503 quando
1106 1460 1233 1549 agas,
1262 1445 1384 1506 quid

355 1527 490 1575 agas,
521 1512 679 1558 sciant.

104 1581 202 1628 Nos
226 1593 282 1629 tu
307 1598 369 1628 ne
397 1583 594 1628 curassis.
623 1584 791 1630 scimus
818 1601 920 1632 rem
945 1602 1167 1633 omnem:
1202 1587 1385 1649 quippe

355 1672 520 1702 omnes
550 1657 692 1703 simul

101 1725 366 1776 Didicimus
395 1741 559 1777 tec-um
586 1745 683 1775 una
699 1764 714 1787 ,
747 1741 804 1776 ut
829 1731 1113 1794 respondere
1146 1734 1384 1795 possimus

353 1803 457 1849 tibi.

361 1887 1147 1926 AGORASTOCLES.

102 1943 179 1991 Ita
194 1947 408 2007 profecto
442 1962 520 1996 est.
556 1950 638 1997 sed
671 1952 791 2016 agite
823 1953 992 2017 igitur,
1021 1966 1078 2001 ut
1110 1957 1273 2015 sciam,
1299 1973 1385 2005 vos

357 2038 467 2068 scire
496 2041 597 2070 rem

35 2144 38 2147 ¹
107 2091 360 2154 Expedite,
377 2106 424 2140 et
439 2098 570 2154 mihi,
594 2115 714 2158 quae
734 2101 922 2148 dudum
934 2104 1069 2150 vobis
1088 2105 1204 2163 dixi,
1225 2106 1383 2154 dicite.

457 2191 493 2223 A
527 2193 567 2227 D.
600 2194 638 2228 v
677 2195 708 2227 o
747 2197 774 2227 c
811 2197 846 2229 A
882 2198 914 2230 T
953 2200 987 2231 U
1025 2201 1060 2233 s.

77 2246 239 2294 ‘Itane
282 2259 432 2296 tentas
474 2268 534 2297 an
578 2253 814 2300 sciamusz
856 2271 954 2302 non
996 2261 1261 2306 meminisse
1301 2276 1386 2307 nos

359 2335 483 2370 ratus
500 2360 513 2381 ‚

112 2392 382 2462 Quomodo
409 2408 639 2446 trecentos
664 2399 905 2499 Philippos
930 2403 1200 2469 Collybisco
1226 2407 1384 2454 villico
