1630 2866
226 139 323 199 348.
645 140 1077 189 RUDENS.
1378 156 1506 204 v.35

617 257 1151 292 DAEMONES.

224 316 274 364 Si
307 319 480 380 sapies,
509 319 696 365 tacebis.
730 330 838 365 tum
871 330 920 365 te
949 319 1066 365 mihi
1099 319 1306 384 benigne
1340 318 1522 377 itidem*

478 392 678 438 addecet

223 461 555 511 Benernerenti
584 466 710 512 bene
738 464 911 511 referre
941 466 1150 531 gratiam.

678 558 1075 594 LABRAX.

1093 612 1283 674 Nempe
1309 625 1398 673 pro
1423 619 1510 655 tuo

220 672 333 732 Jure
365 691 475 720 oras.

615 754 652 786 D
692 751 727 786 A
763 754 793 787 E
830 754 874 787 M
911 755 943 788 O
979 754 1013 789 N
1049 756 1078 789 E
1115 756 1154 790 S.

353 813 557 872 Mirum,
589 815 710 876 quin
737 826 880 862 tuum
902 816 980 880 jus
1002 833 1113 863 meo
1135 815 1350 878 periculo
1367 813 1448 861 abs
1465 822 1512 858 te

1036 901 1270 953 expetam.

688 974 720 1008 G
757 978 789 1010 R
825 976 845 1008 I
880 976 909 1009 P
947 977 983 1009 U
1019 977 1059 1010 S.

223 1031 385 1079 Salvos
410 1050 539 1079 sum:
566 1036 676 1079 leno
703 1036 914 1081 labascit:
949 1035 1136 1081 libertas
1163 1033 1479 1096 portenditur.

619 1130 655 1162 D
695 1130 728 1162 A
767 1130 797 1162 E
835 1130 877 1163 Μ
915 1129 947 1162 o
985 1129 1018 1162 N
1055 1128 1085 1160 E
1122 1127 1156 1160 s.

223 1186 463 1235 Vidulum
498 1190 651 1236 istunc
690 1191 766 1236 ille
803 1190 1016 1237 invenit:
1056 1188 1182 1235 illud
1217 1188 1512 1250 mancipium

477 1280 643 1310 meum
661 1264 727 1309 'st.

223 1334 324 1400 Ego
349 1337 435 1382 tibi
459 1338 587 1384 hunc
609 1354 755 1398 porro
773 1336 950 1384 servavi
971 1353 1085 1384 cum
1102 1353 1272 1403 magna
1292 1336 1510 1399 pecunia.

680 1433 1076 1467 LABRAX.

225 1490 433 1539 Gratiam
469 1492 625 1540 habeo
644 1529 657 1552 ,
699 1505 747 1540 et
774 1493 834 1540 de
859 1495 1040 1541 talento
1072 1493 1206 1540 nulla
1233 1508 1387 1542 caussa
1415 1501 1514 1563 est,

487 1565 605 1625 quin
630 1564 744 1611 feras
763 1600 777 1623 ,

227 1633 384 1702 Quod
416 1636 490 1682 isti
516 1654 623 1683 sum
646 1639 849 1701 juratus.

688 1730 718 1763 G
757 1731 791 1764 R
827 1730 847 1762 1
887 1731 915 1763 P
954 1729 990 1762 U
1026 1729 1068 1763 s.
1502 1761 1508 1770 ,

609 1792 743 1839 Heus
769 1791 851 1836 tu!
881 1790 998 1836 mihi
1025 1789 1136 1835 dato
1161 1804 1301 1854 ergo,
1328 1790 1365 1836 si
1383 1790 1516 1852 sapis-

615 1886 652 1918 D
691 1884 727 1917 A
761 1884 791 1917 E
829 1884 871 1917 M
911 1883 943 1916 o
980 1883 1015 1917 N
1051 1883 1083 1916 Ε
1121 1878 1201 1916 3.’

225 1942 278 1988 T}
300 1944 398 1989 cen'
421 1960 480 1990 an
512 1944 653 1990 non?

683 2020 714 2054 G
751 2021 783 2054 R
819 2020 840 2053 1
877 2020 906 2053 P
945 2019 982 2052 U
1019 2020 1059 2054 s.

422 2081 502 2126 Tu
522 2098 678 2127 meam
703 2098 804 2126 rem
828 2080 1015 2125 simulas
1040 2095 1199 2144 agere;
1229 2079 1318 2126 tibi
1332 2095 1418 2125 mu
1433 2080 1458 2107 ²⁸¹²
1474 2081 1513 2125 *-

225 2153 338 2201 Non
365 2154 519 2201 hercle
549 2155 664 2200 istoc
696 2171 775 2199 me
801 2155 1109 2211 intervortes‚
1143 2153 1180 2198 si
1209 2152 1349 2199 aliam
1377 2154 1514 2214 prae-5

488 2227 597 2273 dam
630 2227 832 2289 perdidi.

618 2322 653 2353 D
691 2321 725 2353 A
761 2321 791 2353 Ε
827 2321 870 2354 Μ
901 2320 939 2358 7ο
975 2319 1010 2352 N
1044 2319 1073 2351 Ε
1111 2316 1149 2351 s.

225 2377 483 2440 vapulabis
496 2414 510 2439 ,
535 2380 739 2428 verbum
758 2380 793 2426 si
812 2379 957 2426 addes
979 2379 1098 2425 istuc
1117 2391 1281 2422 unum.
