1630 2866
118 165 256 223 ‘213
539 163 874 214 ACTUS
937 167 1018 214 11.
1340 176 1409 235 3⁷·

125 266 228 331 Ego
252 282 444 328 pausam
474 266 590 314 feci:
627 271 687 315 sic
718 287 822 335 ago.
859 273 1027 320 sic-me
1062 274 1213 324 decet.

124 337 226 401 Ego
255 337 366 385 faxo
398 341 596 401 posthac
627 341 709 387 Dii
734 343 963 405 Deaeque
992 348 1134 393 ceteri

123 407 456 462 Contentiores
485 428 620 475 mage
648 425 816 471 erunt,
851 427 994 477 atque
1022 418 1148 464 avidi
1172 420 1357 478 minus,

122 481 291 551 Quom
316 485 534 542 scibunt,
562 485 738 533 Veneri
765 499 820 534 ut
833 489 1012 536 {adierit
1033 491 1145 536 leno
1172 508 1384 539 manum.

120 557 370 621 Condigne
406 558 638 620 haruspex
655 595 670 616 ,
704 577 801 606 non
835 561 982 609 homo
1012 564 1234 623 trioboli,

120 629 361 675 Omnibus
394 629 445 674 in
470 631 590 675 extis
619 632 741 678 aibat
774 634 992 694 portendi
1019 635 1139 681 mihi

117 702 304 748 Malum
331 703 689 763 damnumque,
721 716 768 749 et
799 704 926 751 Deos
953 723 1045 752 esse
1073 708 1208 754 iratos
1237 710 1366 756 mihi.

118 774 257 844 Quid
276 775 319 821 ei
343 775 492 822 divini
510 787 592 822 aut
611 776 807 823 humani
834 795 1041 840 aequom
1059 782 1114 827 ’st
1131 783 1344 830 credere.
1334 785 1355 816 ἵ)

116 846 249 893 Mina
273 847 391 894 mihi
418 849 600 911 argenti
611 841 759 896 “dono
786 853 975 912 postilla
1000 853 1136 900 data’
1139 867 1192 901 st.

116 917 214 964 Sed
242 931 416 980 quaeso
444 921 639 967 ubinam
672 922 766 967 illic
796 924 964 969 restitit
992 926 1126 971 miles
1153 929 1332 987 modo,
1458 972 1464 977 .

115 990 218 1060 Qui
247 991 369 1037 hanc
407 991 527 1036 mihi
562 992 790 1040 donavit?
830 1011 979 1055 quem
1013 1014 1100 1062 ego
1131 1003 1300 1048 vocavi
1331 1002 1395 1049 ad

363 1062 633 1124 prandium.

113 1130 210 1180 Sed
245 1149 411 1181 eccum
442 1136 651 1183 incedit!

336 1235 1139 1275 ANTHEMONIDES.

656 1295 728 1340 Ita
759 1308 814 1341 ut
842 1299 1006 1359 occepi
1034 1300 1193 1348 dicere
1210 1334 1228 1360 ,

109 1363 337 1423 Lenulle,
375 1366 439 1413 de
471 1368 573 1413 illac
603 1385 764 1433 pugna
788 1373 1177 1433 pentethronica,

109 1438 222 1504 Qua
247 1439 481 1503 sexaginta
508 1441 655 1487 millia
689 1443 945 1490 hominum
974 1462 1074 1492 uno
1102 1448 1180 1494 die

107 1503 433 1558 Volaticorum
461 1513 678 1559 manibus
713 1515 866 1560 occidi
892 1517 1021 1562 meis.

588 1614 620 1647 Ι,
660 1615 690 1647 Y
728 1616 755 1648 c
795 1616 830 1649 U
870 1615 908 1649 s.

106 1665 204 1713 Eh!
236 1669 548 1718 volaticorum
577 1674 867 1723 hominum?

126 1748 154 1764 ’·
331 1762 1143 1810 ΑΝΤΗΕΜοΝιυΕὲ.

872 1835 945 1881 Ita
981 1817 1090 1882 dico
1122 1836 1333 1896 quidem.

583 1924 617 1958 Ι.
651 1925 688 1958 Y
723 1925 750 1958 C
786 1925 824 1958 U
858 1926 898 1960 S.

106 1973 211 2033 An,
232 1978 453 2039 obsecro,
482 2000 685 2045 usquam
708 1999 820 2035 sunt
845 1989 1062 2036 homines
1088 1991 1315 2038 volatici?

333 2080 1133 2126 ANTHEMONIDES.

103 2145 143 2191 F
145 2163 281 2201 uere3
312 2166 479 2198 verum
516 2171 602 2220 ego
630 2157 853 2204 interfeci.

592 2231 907 2288 LY'cus.

105 2370 301 2421 Potuisti
315 2374 338 2421 Ρ
886 2315 1153 2385 Quomodo

1075 2454 1115 2502 C
1157 2470 1183 2516 3
