1598 2814
69 181 196 225 v.55
332 159 623 210 ACTUS
673 159 751 206 ΙΙ.
803 157 900 206 SC.
949 158 1089 206 VII.
1255 171 1353 226 557Δ

394 285 421 317 Ρ
459 283 492 316 Η
530 283 563 316 R
604 282 635 315 o
674 281 706 314 N
741 281 772 314 Ε
808 279 830 312 s
866 280 887 313 1
924 279 960 312 U
998 279 1052 312 M.

71 343 119 392 Si
145 359 355 405 aequom
373 342 532 398 facias,
565 339 841 385 adventores
865 354 997 384 meos
1023 351 1126 383 non
1144 335 1347 383 incuses:

330 430 543 476 quorum
566 412 683 481 ηιὶζιι

72 483 213 535 Domi
250 498 439 548 accepta
470 496 518 531 et
556 495 682 549 grata
710 483 894 534 habe03
930 493 1109 544 tuaque
1144 482 1321 546 ingrata
1335 515 1353 540 ,

329 574 452 619 quae
476 557 555 603 abs
586 568 635 603 te
667 557 836 618 accepi.

334 648 1168 684 STRATOPHANES.·

76 713 217 759 Tunc
233 712 319 774 pol
335 727 423 776 ego
445 720 493 756 et
510 709 645 756 donis
661 709 867 771 privatus
885 726 991 756 sum
1004 744 1018 767 ,
1042 720 1089 755 et
1104 710 1236 771 perii.

596 801 628 836 G
662 802 694 835 Ε
730 801 763 834 Τ
800 801 850 834 A.

953 853 1097 901 Plane
1124 854 1243 899 istuc
1270 864 1352 901 est.

78 928 218 999 Quid
235 944 366 974 nunc
384 943 494 992 ergo
512 927 590 972 hic
609 926 772 973 odiose
794 942 838 971 es
852 959 865 983 ‚
879 924 1114 973 confessus
1132 926 1356 973 omnibus

333 1017 438 1046 reus
451 1001 472 1045 Ξ)

342 1084 1131 1119 STRATOPHANES.

82 1145 207 1192 Petii
225 1145 380 1195 hercle
395 1144 563 1204 hodie,
580 1144 668 1189 nisi
684 1144 814 1190 hunc
833 1161 860 1190 a
875 1155 924 1190 te
939 1144 1077 1209 abigo
1093 1145 1104 1191 !

597 1237 848 1271 GETA.

81 1363 175 1411 Adi
196 1365 230 1411 h
405 1365 437 1410 d
482 1366 493 1395 '
845 1299 1032 1347 Accede
1059 1301 1153 1348 huc
1178 1301 1357 1349 modo!

231 1381 292 1411 uc
319 1381 402 1410 mo
440 1382 493 1411 o.

345 1449 1127 1484 STRATOPHANES.

310 1508 463 1554 Etiam
479 1542 492 1564 ,
508 1509 653 1553 scelus
679 1508 794 1565 viri,
823 1508 1074 1554 minitare?
1105 1526 1253 1568 quem
1270 1528 1359 1575 ego

86 1580 284 1627 Offatim
293 1581 394 1644 jam
409 1615 422 1638 ‚
432 1582 557 1644 jam,
569 1582 671 1644 jam
686 1581 998 1642 concipilabo.
1022 1582 1143 1642 quid
1161 1584 1250 1630 tibi
1264 1586 1361 1632 huc

338 1653 502 1699 ventio
530 1653 630 1698 est?

85 1726 226 1796 Quid
252 1726 340 1773 tibi
368 1727 488 1772 hanc
516 1726 664 1772 aditio
683 1712 794 1773 ‘esti’
821 1726 942 1788 quid
967 1726 1057 1774 tibi
1077 1727 1199 1776 hanc
1222 1732 1361 1778 notio

340 1808 432 1855 est,
457 1814 655 1858 mquam
671 1832 686 1855 ,

89 1870 302 1916 Amicam
320 1872 509 1917 meam?
535 1872 762 1918 emoriere
785 1873 912 1919 ocius
925 1908 939 1932 ,
965 1874 1002 1920 si
1018 1890 1166 1920 manu
1182 1875 1361 1922 niceris.

600 1963 633 1996 G
667 1965 697 1997 E
734 1964 765 1997 Τ
801 1966 848 1998 A.

94 2022 254 2093 Quid,
276 2040 424 2070 manu
441 2026 662 2071 uicerim!

312 2118 1133 2169 'STRATOPHANEs

376 2177 466 2222 Fac
480 2212 493 2234 ‚
512 2178 676 2237 quod
658 2180 785 2242 jussi.
808 2182 972 2226 mane!
991 2182 1092 2244 jam
1116 2199 1203 2246 ego
1222 2194 1269 2230 te
1286 2185 1364 2232 hie

95 2248 293 2297 Offatim
314 2249 575 2296 conficiam.

611 2326 644 2359 G
679 2327 709 2360 E
746 2327 778 2360 T
813 2329 861 2362 A.

340 2386 531 2434 Occidi!
560 2398 818 2450 optumum
835 2389 912 2436 'stz
942 2391 1095 2452 captio
1113 2393 1203 2440 est!
1229 2394 1363 2442 istam
