1598 2814
210 175 307 235 fis
441 174 1247 226 TRUCULENTUS
1369 153 1496 241 ψῃ

208 281 319 330 Vise
352 281 508 343 illam,
537 294 681 343 atque
705 283 924 345 opperire
953 284 1033 330 ibi.
1058 285 1158 350 jam
1178 285 1354 333 exibit:
1386 303 1498 333 nam

469 359 659 404 lavavit.
1444 366 1463 372 ’“

571 453 606 485 D
645 452 665 485 1
704 452 738 485 N
774 453 808 486 A
848 455 882 487 R
916 454 944 486 c
979 453 1014 486 Η
1049 453 1085 485 U
1122 451 1162 486 s.

211 520 351 591 Quid
380 523 441 566 ais
469 521 558 566 tu?
588 537 711 581 quae
735 537 1008 583 numquam
1033 522 1128 570 fuit
1147 538 1393 587 praegnas,
1418 523 1503 584 qui

466 610 627 656 parere
662 595 859 656 potuit?

211 666 337 713 Nam
361 667 593 729 equidem
627 678 822 712 uterum
854 667 951 725 illi,
993 667 1131 728 quod
1161 665 1328 725 sciam,
1360 681 1505 714 num-

477 759 623 802 quam
655 753 903 790 extumere
932 742 1063 788 sensi.

577 834 1174 870 ASTAPHIUM.

217 902 410 949 Celabat
427 938 439 960 ,
481 903 826 965 metuebatque
857 915 908 950 te
950 903 1028 950 illa
1050 938 1065 961 ‚
1106 918 1168 949 ne
1198 902 1284 949 sibi
1317 920 1505 966 persua-

480 976 637 1034 deres,

217 1047 282 1093 Ut
307 1049 546 1094 abortioni
576 1065 770 1110 operam
797 1047 954 1103 daret,
981 1063 1290 1110 puerumque
1309 1061 1366 1096 ut
1395 1065 1508 1112 ene-

473 1130 610 1164 caret.

492 1232 504 1245 ο
580 1216 615 1247 D
652 1214 672 1246 Ι
710 1215 743 1246 N
782 1213 816 1246 A
852 1214 885 1246 R
922 1214 948 1245 C
987 1212 1021 1245 H
1057 1211 1092 1244 U
1128 1211 1163 1245 S.

223 1282 355 1328 Tum
383 1283 469 1343 pol
502 1282 576 1328 isti
601 1299 754 1343 puero
783 1282 888 1342 quis
920 1292 987 1327 est
1013 1280 1186 1342 pater?

582 1377 615 1410 A
654 1377 676 1411 S
714 1377 746 1409 T
783 1377 818 1409 A
853 1376 880 1409 P
920 1376 954 1408 H
990 1377 1011 1409 1
1050 1374 1084 1408 U
1122 1373 1180 1408 M.

974 1441 1329 1506 Babyloniensis
1353 1442 1514 1502 miles,

225 1517 415 1586 Quojus
433 1532 563 1561 nunc
586 1516 667 1561 ista
690 1516 951 1563 adventum
970 1517 1163 1579 expetit.
1189 1516 1340 1563 immo
1364 1516 1515 1576 adeo⁴,

483 1599 538 1633 ut
562 1600 836 1634 nuntiatum
856 1589 911 1635 ’st
927 1624 941 1647 ,

223 1665 330 1724 Jam
353 1663 428 1709 hic
448 1662 712 1708 affuturum
733 1664 867 1728 ajunt
885 1679 1010 1709 eum.
1031 1662 1258 1709 nondum
1275 1662 1516 1710 advenisse

487 1753 649 1784 miror.

590 1831 626 1862 D
662 1829 683 1861 I
720 1829 754 1862 N
791 1828 825 1861 A
862 1829 897 1862 R
933 1828 960 1860 C
997 1827 1032 1860 H
1067 1826 1103 1859 U
1139 1825 1177 1860 S.

229 1891 318 1938 Ibo
350 1890 490 1955 igitur
520 1890 684 1935 intro?

587 1980 622 2014 A
658 1981 680 2014 S
720 1981 751 2014 Τ
789 1982 825 2015 A
861 1982 890 2015 P
932 1981 966 2014 H
1001 1981 1023 2014 I
1060 1981 1095 2013 U
1130 1979 1191 2014 M·

315 2046 587 2116 Quippini?
611 2057 710 2092 tam
728 2046 978 2104 audacter,
1001 2062 1148 2106 quam
1167 2045 1368 2092 domum
1382 2045 1442 2093 ad
1458 2056 1518 2090 te.

232 2120 357 2166 Nam
379 2133 433 2167 tu
465 2120 637 2182 edepol
658 2130 818 2165 noster
849 2136 894 2166 es
923 2119 1064 2164 etiam
1082 2119 1366 2188 jam·nunc-‚
1395 2117 1518 2165 Din-

1042 2192 1193 2237 arche.

595 2288 633 2322 D
669 2290 691 2322 1
725 2289 758 2323 N
792 2287 828 2322 A
862 2289 898 2324 R
931 2289 959 2323 C
996 2287 1031 2322 H
1069 2288 1103 2322 U
1138 2286 1177 2320 S.

1135 2363 1137 2367 Α
1264 2352 1372 2382 uam
1401 2349 1518 2384 mox

236 2404 310 2449 Te
340 2405 504 2466 recipis
531 2405 623 2452 tu?
1210 2334 1261 2405 Q
