1690 2872
90 153 134 184 v.
170 149 255 193 115
387 127 676 178 ACTUS
731 128 831 178 IV.
888 128 994 178 SC.
1045 130 1122 178 11.
1277 135 1370 193 487

88 242 208 291 Mihi
233 238 562 296 concrederet,
594 238 783 285 nisime
811 239 890 285 isse
917 250 966 286 et
990 253 1077 305 ego
1094 239 1233 287 illurn
1259 255 1369 286 nos-

341 331 439 361 sem
472 312 715 375 approbe?

417 400 475 440 *c
510 408 546 442 Η
580 408 616 441 A
650 408 684 442 R
718 407 763 440 M
798 406 820 439 1
856 407 891 439 D
926 407 958 440 Ε
995 407 1030 441 s.

90 475 348 523 Enimvero
374 490 462 537 ego
486 489 616 519 nunc
629 472 962 537 Sycophantae
983 475 1093 521 huic
1110 475 1373 539 sycophan-

347 547 430 592 tari
459 548 597 592 volo:

90 620 137 667 Si
163 622 292 666 hunc
314 636 508 680 possum
525 619 606 664 ‘1110
625 619 756 664 mille
770 633 1030 666 nummum
1044 619 1265 683 Philippo
1284 621 1373 668 cir-

347 691 636 737 cumducere
653 726 667 749 ,

86 766 240 835 Quod
267 765 358 812 sibi
385 782 464 812 me
498 765 676 812 dedisse
703 764 848 811 dixit:
880 782 1031 827 quern
1063 783 1181 831 ego,
1205 769 1291 829 qui
1314 770 1370 815 sit

344 837 493 883 hom'o
510 872 524 893 ‚
559 835 739 882 nescio:

86 908 259 970 Neque
279 910 425 955 oculis
444 920 553 955 ante
570 909 698 955 hunc
719 908 848 954 diem
866 918 1098 970 umquam
1116 912 1240 958 vidi:
1264 913 1369 960 eine

341 998 512 1028 aurum
544 981 819 1028 crederem?
985 1036 992 1041 ·
1338 1046 1341 1049 Ι

87 1056 243 1126 Quoi,
262 1055 298 1102 si
314 1055 475 1117 capitis
489 1072 559 1100 res
576 1055 661 1101 siet
673 1091 686 1113 ‚
700 1072 962 1103 nummum
974 1072 1254 1120 numquam
1269 1076 1371 1108 cre-

340 1129 450 1191 dam
478 1127 778 1191 plumbeum.

84 1198 429 1268 Aggrediun'du
447 1203 502 1247 'st
530 1202 606 1248 hic
628 1204 779 1250 horno
804 1204 923 1249 mihi
940 1214 1054 1251 astu.
1082 1205 1196 1265 heus
1210 1241 1225 1266 ,
1244 1208 1368 1267 Pax,

341 1287 391 1322 te
414 1276 561 1322 tribus
590 1277 742 1323 verbis
772 1279 900 1324 volo.

406 1377 431 1411 s
469 1378 502 1410 Y
539 1380 566 1411 c
604 1379 635 1412 o
676 1380 706 1413 1²
742 1362 778 1413 Ἠ
813 1379 848 1412 A
885 1382 918 1414 N
960 1381 991 1413 T
1028 1381 1077 1415 A.

84 1437 178 1485 Vel
198 1438 429 1484 trecentis.

448 1521 475 1553 c
515 1521 550 1554 H
584 1521 620 1554 A
655 1522 690 1555 R
727 1523 770 1556 M
806 1524 827 1556 1
864 1525 900 1556 D
926 1524 967 1557 v13
1005 1525 1043 1558 s.

308 1590 494 1636 Haben’
521 1601 578 1636 tu
606 1590 658 1636 id
692 1609 862 1639 aurum
881 1628 894 1651 ‚
932 1595 1068 1655 quod
1098 1599 1314 1660 accepisti
1342 1616 1369 1647 a

887 1664 1179 1714 Charmide?

409 1755 433 1790 S
473 1756 504 1788 Y
541 1755 568 1789 C
607 1756 641 1789 Ο
677 1757 706 1790 P
741 1758 776 1791 H
812 1758 847 1795 A
880 1761 915 1793 N
951 1761 983 1793 Τ
1021 1761 1071 1795 Α.

81 1814 248 1880 *Atque
280 1816 422 1862 etiam
446 1815 754 1886 Philippeum
772 1854 787 1878 ‚
818 1833 1126 1869 numeratum
1156 1824 1279 1871 illius
1316 1826 1368 1873 in

339 1905 501 1934 mensa
522 1905 671 1936 manu

85 1961 220 2008 Mille
246 1976 521 2008 nummum.
649 2011 654 2014 ,

339 2057 362 2076 ⁰
445 2054 472 2086 c
508 2054 544 2087 Η
580 2055 616 2088 Α
652 2057 687 2090 R
721 2058 764 2091 Μ
800 2058 821 2092 1
856 2059 892 2091 D
928 2059 959 2092 Ε
993 2059 1032 2093 s.

362 2120 411 2166 N
413 2134 557 2182 empe·
572 2123 631 2168 ab
650 2123 752 2184 ipso
769 2124 821 2170 id
841 2127 1060 2186 accepisti
1083 2126 1365 2177 Charmide?

412 2213 434 2247 s
471 2214 505 2247 Y
541 2216 568 2248 c
606 2215 638 2248 o
677 2216 705 2248 P
743 2217 779 2250 Η
816 2218 851 2251 A
886 2219 921 2251 N
956 2219 988 2251 T
1023 2220 1074 2253 A.

90 2279 268 2328 Mirum
289 2281 410 2343 quin
431 2281 491 2327 ab
514 2296 603 2328 avo
629 2280 726 2346 ejus
741 2317 756 2340 ,
774 2296 858 2332 aut
882 2289 1363 2350 proavoraociperem,

351 2355 435 2416 qui
461 2366 571 2402 sunt
597 2357 788 2404 mortui.

987 2429 1039 2479 H
1053 2434 1086 2479 h
1119 2451 1147 2495 4
