1630 2866
184 186 272 233 ¹228
507 179 1156 232 PSEUDOLUS.
1372 200 1464 235 v.1

545 348 929 402 SCENA
1018 355 1121 402 ΙΙ.

179 489 428 527 SIMO.
482 489 1062 560 PSEUDOL'US,
1113 491 1461 533 BALLIo.

696 636 944 672 SIMO.

173 688 317 805 VO
341 764 377 798 X
413 753 503 800 viri
534 754 739 815 pessumi
768 770 848 800 me
879 755 1034 802 exciet
1062 755 1195 803 foras.
1228 756 1311 803 sed
1338 758 1459 819 quid

422 828 542 875 hoc?
571 845 672 890 quo
690 830 878 876 modo?
897 829 1017 891 quid
1035 831 1123 878 tu?
1143 830 1287 879 video
1306 832 1428 897 ego?

525 922 553 954 P
592 922 613 955 s
651 923 680 955 E
718 923 751 955 U
789 924 824 955 D
863 924 894 957 o
933 924 965 957 Ι,
1004 923 1039 956 U
1076 924 1114 958 s.

167 982 294 1029 Cum
315 999 489 1030 corona
510 984 699 1029 ebrium
717 984 1010 1031 Pseudolum
1027 996 1183 1033 tuum.

678 1076 700 1110 s
741 1077 761 1109 1
801 1078 843 1110 M
883 1078 932 1110 o.

307 1136 479 1183 Libere
503 1136 657 1181 hercle
679 1136 769 1181 hoc
791 1136 1003 1196 quidem.
1023 1138 1106 1183 sed
1124 1138 1236 1184 vide
1253 1141 1453 1187 statum!

165 1208 300 1255 Num
327 1227 434 1256 mea
459 1210 602 1274 gratia
629 1210 950 1270 pertimescit?
984 1211 1128 1274 magis
1147 1213 1326 1276 cogitO,
1353 1229 1451 1259 sae-

417 1285 536 1331 viter
566 1283 866 1329 blanditerne
898 1283 1126 1343 alloquar.

162 1358 258 1406 Sed
287 1360 380 1405 hoc
406 1376 485 1404 me
512 1369 640 1404 vetat
665 1357 765 1403 vim
788 1356 938 1402 facere
965 1373 1095 1402 nunc
1112 1392 1126 1414 ,
1155 1358 1289 1419 quod
1317 1358 1448 1419 fero,

415 1432 450 1478 si
484 1448 577 1492 qua
609 1431 658 1475 in
685 1430 775 1474 hoc
809 1445 910 1490 spes
941 1429 1024 1475 sita
1048 1429 1105 1474 'st
1134 1429 1263 1476 mihi.

519 1526 547 1558 P
587 1525 608 1558 s
646 1525 675 1557 Ε
715 1524 822 1557 U.D
859 1524 891 1557 o
925 1523 955 1556 L
994 1523 1029 1556 U
1067 1524 1108 1558 s.

161 1586 245 1635 Vix
266 1588 416 1633 malus
432 1586 537 1633 viro
557 1596 761 1647 optumo
782 1583 975 1630 obviam
990 1584 1041 1630 it.

681 1680 702 1714 S
736 1680 755 1712 1
792 1679 835 1712 M
871 1679 921 1712 Ο.

318 1743 400 1790 Dii
427 1754 476 1790 te
504 1752 693 1799 ament,
722 1740 975 1786 Pseudole.
1007 1740 1153 1803 phui!
1185 1739 1236 1785 in
1267 1740 1442 1787 malam

1109 1828 1311 1862 crucem.

510 1904 540 1937 P
582 1902 604 1936 S
641 1902 671 1935 E
708 1900 743 1933 U
780 1901 815 1933 D
853 1901 887 1935 Ο
923 1900 954 1934 Ι.
990 1899 1026 1934 U
1061 1899 1097 1934 S.

156 1964 252 2010 Cur
276 1981 385 2029 ergo
403 1981 482 2010 me
501 1962 727 2008 afflictor?

674 2056 696 2089 S
735 2056 755 2087 1
793 2054 836 2087 M
874 2054 925 2088 Ο.

302 2120 440 2191 Quid
470 2131 554 2177 tu,
584 2118 796 2176 malum,
828 2133 936 2181 ergo
967 2116 1018 2162 in
1050 2132 1100 2162 os
1132 2115 1250 2161 mihi
1279 2114 1434 2187 ebriuss

1022 2189 1262 2237 insuetas?

509 2286 538 2319 P
575 2285 597 2319 S
635 2285 665 2318 E
702 2286 737 2318 U
774 2286 809 2318 D
843 2285 874 2318 O
911 2284 942 2317 L
979 2284 1015 2316 U
1054 2283 1093 2317 S.

147 2346 356 2394 Molliter
380 2347 485 2393 siste
508 2362 638 2392 nunc
664 2363 743 2392 me
758 2381 771 2403 ‚
796 2362 908 2392 cave
931 2361 993 2390 ne
1015 2343 1207 2389 cadam:
1237 2356 1340 2388 non
1358 2342 1430 2390 vi-

403 2421 484 2466 des
512 2436 590 2465 me
610 2454 624 2478 ,
661 2431 718 2465 ut
746 2418 942 2465 madide
972 2414 1225 2464 madeam?

115 1936 136 1948 t
