<?xml version="1.0" encoding="UTF-8"?>
<!DOCTYPE html PUBLIC "-//W3C//DTD XHTML 1.0 Transitional//EN"
    "http://www.w3.org/TR/xhtml1/DTD/xhtml1-transitional.dtd">
<html xmlns="http://www.w3.org/1999/xhtml" xml:lang="en" lang="en">
 <head>
  <title>
</title>
<meta http-equiv="Content-Type" content="text/html;charset=utf-8" />
  <meta name='ocr-system' content='tesseract 3.04.00' />
  <meta name='ocr-capabilities' content='ocr_page ocr_carea ocr_par ocr_line ocrx_word'/>
</head>
<body>
  <div class='ocr_page' id='page_1' title='image "./comoediaesuperst03plauuoft_0207.png"; bbox 0 0 1630 2866; ppageno 0'>
   <div class='ocr_carea' id='block_1_1' title="bbox 101 197 1377 253">
    <p class='ocr_par' dir='ltr' id='par_1_1' title="bbox 101 197 1377 253">
     <span class='ocr_line' id='line_1_1' title="bbox 101 197 1377 253; baseline -0.006 -2"><span class='ocrx_word' id='word_1_1' title='bbox 101 219 192 253; x_wconf 51' lang='grc' dir='ltr'>ια</span> <span class='ocrx_word' id='word_1_2' title='bbox 394 199 683 249; x_wconf 80' lang='lat' dir='ltr'>ACTUS</span> <span class='ocrx_word' id='word_1_3' title='bbox 726 199 827 247; x_wconf 92' lang='lat' dir='ltr'>IV.</span> <span class='ocrx_word' id='word_1_4' title='bbox 876 197 978 247; x_wconf 86' lang='lat' dir='ltr'>SC.</span> <span class='ocrx_word' id='word_1_5' title='bbox 1026 198 1105 246; x_wconf 91' lang='lat'>11.</span> <span class='ocrx_word' id='word_1_6' title='bbox 1285 210 1377 245; x_wconf 81' lang='lat'><em>¹201</em></span> 
     </span>
    </p>
   </div>
   <div class='ocr_carea' id='block_1_2' title="bbox 103 310 1378 432">
    <p class='ocr_par' dir='ltr' id='par_1_2' title="bbox 103 310 1378 432">
     <span class='ocr_line' id='line_1_2' title="bbox 103 310 1378 375; baseline -0.005 -15"><span class='ocrx_word' id='word_1_7' title='bbox 103 314 226 360; x_wconf 86' lang='lat' dir='ltr'>Nam</span> <span class='ocrx_word' id='word_1_8' title='bbox 257 313 377 360; x_wconf 85' lang='lat' dir='ltr'>nihil</span> <span class='ocrx_word' id='word_1_9' title='bbox 407 314 549 360; x_wconf 88' lang='lat' dir='ltr'>etiam</span> <span class='ocrx_word' id='word_1_10' title='bbox 582 312 703 358; x_wconf 88' lang='lat' dir='ltr'>dum</span> <span class='ocrx_word' id='word_1_11' title='bbox 733 310 999 375; x_wconf 86' lang='lat' dir='ltr'>harpagavit</span> <span class='ocrx_word' id='word_1_12' title='bbox 1013 344 1029 366; x_wconf 89' lang='lat'>,</span> <span class='ocrx_word' id='word_1_13' title='bbox 1061 320 1246 371; x_wconf 89' lang='lat' dir='ltr'>praeter</span> <span class='ocrx_word' id='word_1_14' title='bbox 1268 323 1378 371; x_wconf 86' lang='lat' dir='ltr'>cya-</span> 
     </span>
     <span class='ocr_line' id='line_1_3' title="bbox 270 383 880 432; baseline -0.01 1"><span class='ocrx_word' id='word_1_15' title='bbox 270 385 273 390; x_wconf 71' lang='grc'><strong>’</strong></span> <span class='ocrx_word' id='word_1_16' title='bbox 355 385 495 432; x_wconf 90' lang='lat' dir='ltr'>thum</span> <span class='ocrx_word' id='word_1_17' title='bbox 521 397 569 431; x_wconf 89' lang='lat' dir='ltr'>et</span> <span class='ocrx_word' id='word_1_18' title='bbox 590 383 880 430; x_wconf 87' lang='lat' dir='ltr'>cantharum.</span> 
     </span>
    </p>
   </div>
   <div class='ocr_carea' id='block_1_3' title="bbox 46 482 1108 612">
    <p class='ocr_par' dir='ltr' id='par_1_3' title="bbox 46 482 1108 612">
     <span class='ocr_line' id='line_1_4' title="bbox 461 482 1053 530; baseline -0.007 -11"><span class='ocrx_word' id='word_1_19' title='bbox 461 487 491 519; x_wconf 77' lang='grc' dir='ltr'><strong>Ρ</strong></span> <span class='ocrx_word' id='word_1_20' title='bbox 527 485 550 518; x_wconf 94' lang='lat' dir='ltr'>s</span> <span class='ocrx_word' id='word_1_21' title='bbox 586 486 616 518; x_wconf 79' lang='grc' dir='ltr'>Ε</span> <span class='ocrx_word' id='word_1_22' title='bbox 656 483 692 517; x_wconf 80' lang='lat' dir='ltr'>U</span> <span class='ocrx_word' id='word_1_23' title='bbox 726 484 762 516; x_wconf 87' lang='lat' dir='ltr'><strong>D</strong></span> <span class='ocrx_word' id='word_1_24' title='bbox 803 482 836 516; x_wconf 94' lang='lat' dir='ltr'>o</span> <span class='ocrx_word' id='word_1_25' title='bbox 870 482 902 530; x_wconf 69' lang='lat' dir='ltr'>1r</span> <span class='ocrx_word' id='word_1_26' title='bbox 939 483 974 516; x_wconf 81' lang='grc' dir='ltr'><em>υ</em></span> <span class='ocrx_word' id='word_1_27' title='bbox 1011 482 1053 516; x_wconf 92' lang='lat' dir='ltr'>s.</span> 
     </span>
     <span class='ocr_line' id='line_1_5' title="bbox 46 538 1108 612; baseline -0.005 -12"><span class='ocrx_word' id='word_1_28' title='bbox 46 568 56 581; x_wconf 84' lang='lat'><strong>·</strong></span> <span class='ocrx_word' id='word_1_29' title='bbox 104 538 237 600; x_wconf 87' lang='lat' dir='ltr'>Heus</span> <span class='ocrx_word' id='word_1_30' title='bbox 261 554 343 600; x_wconf 90' lang='lat' dir='ltr'>tu!</span> <span class='ocrx_word' id='word_1_31' title='bbox 373 569 501 599; x_wconf 90' lang='lat' dir='ltr'>nunc</span> <span class='ocrx_word' id='word_1_32' title='bbox 534 552 712 599; x_wconf 83' lang='lat' dir='ltr'>occasio</span> <span class='ocrx_word' id='word_1_33' title='bbox 736 561 805 596; x_wconf 69' lang='lat' dir='ltr'>eet</span> <span class='ocrx_word' id='word_1_34' title='bbox 833 561 880 596; x_wconf 91' lang='lat' dir='ltr'>et</span> <span class='ocrx_word' id='word_1_35' title='bbox 906 561 1108 612; x_wconf 85' lang='lat' dir='ltr'>tempus.</span> 
     </span>
    </p>
   </div>
   <div class='ocr_carea' id='block_1_4' title="bbox 589 650 1384 747">
    <p class='ocr_par' dir='ltr' id='par_1_4' title="bbox 589 650 1384 747">
     <span class='ocr_line' id='line_1_6' title="bbox 589 650 892 686; baseline -0.01 0"><span class='ocrx_word' id='word_1_36' title='bbox 589 653 612 686; x_wconf 93' lang='lat' dir='ltr'>s</span> <span class='ocrx_word' id='word_1_37' title='bbox 649 652 671 686; x_wconf 89' lang='lat'>1</span> <span class='ocrx_word' id='word_1_38' title='bbox 710 651 753 684; x_wconf 84' lang='lat' dir='ltr'><strong>M</strong></span> <span class='ocrx_word' id='word_1_39' title='bbox 787 651 809 684; x_wconf 90' lang='lat'>1</span> <span class='ocrx_word' id='word_1_40' title='bbox 844 650 892 684; x_wconf 78' lang='lat' dir='ltr'>A.</span> 
     </span>
     <span class='ocr_line' id='line_1_7' title="bbox 1008 701 1384 747; baseline -0.005 0"><span class='ocrx_word' id='word_1_41' title='bbox 1008 701 1193 747; x_wconf 90' lang='lat' dir='ltr'><strong>Tecum</strong></span> <span class='ocrx_word' id='word_1_42' title='bbox 1220 701 1384 747; x_wconf 86' lang='lat' dir='ltr'>sentio.</span> 
     </span>
    </p>
   </div>
   <div class='ocr_carea' id='block_1_5' title="bbox 106 786 1391 1805">
    <p class='ocr_par' dir='ltr' id='par_1_5' title="bbox 462 786 1049 821">
     <span class='ocr_line' id='line_1_8' title="bbox 462 786 1049 821; baseline -0.002 -1"><span class='ocrx_word' id='word_1_43' title='bbox 462 787 492 821; x_wconf 80' lang='lat' dir='ltr'>P</span> <span class='ocrx_word' id='word_1_44' title='bbox 532 786 555 820; x_wconf 88' lang='lat' dir='ltr'>S</span> <span class='ocrx_word' id='word_1_45' title='bbox 590 787 621 820; x_wconf 78' lang='lat'>13</span> <span class='ocrx_word' id='word_1_46' title='bbox 658 787 695 820; x_wconf 89' lang='lat' dir='ltr'>U</span> <span class='ocrx_word' id='word_1_47' title='bbox 730 789 766 821; x_wconf 91' lang='lat' dir='ltr'>D</span> <span class='ocrx_word' id='word_1_48' title='bbox 801 787 835 821; x_wconf 91' lang='grc' dir='ltr'>Ο</span> <span class='ocrx_word' id='word_1_49' title='bbox 870 787 902 820; x_wconf 81' lang='lat'>1.</span> <span class='ocrx_word' id='word_1_50' title='bbox 938 786 975 820; x_wconf 82' lang='lat' dir='ltr'><strong>U</strong></span> <span class='ocrx_word' id='word_1_51' title='bbox 1011 786 1049 820; x_wconf 89' lang='lat' dir='ltr'>S.</span> 
     </span>
    </p>

    <p class='ocr_par' dir='ltr' id='par_1_6' title="bbox 109 846 1387 914">
     <span class='ocr_line' id='line_1_9' title="bbox 109 846 1387 914; baseline -0.002 -19"><span class='ocrx_word' id='word_1_52' title='bbox 109 849 358 914; x_wconf 86' lang='lat' dir='ltr'>Ingredere</span> <span class='ocrx_word' id='word_1_53' title='bbox 391 847 443 892; x_wconf 90' lang='lat' dir='ltr'>in</span> <span class='ocrx_word' id='word_1_54' title='bbox 474 847 603 893; x_wconf 88' lang='lat' dir='ltr'>viam</span> <span class='ocrx_word' id='word_1_55' title='bbox 642 847 832 894; x_wconf 88' lang='lat' dir='ltr'>dolose:</span> <span class='ocrx_word' id='word_1_56' title='bbox 874 860 923 894; x_wconf 92' lang='lat' dir='ltr'>et</span> <span class='ocrx_word' id='word_1_57' title='bbox 960 864 1046 912; x_wconf 92' lang='lat' dir='ltr'>ego</span> <span class='ocrx_word' id='word_1_58' title='bbox 1078 847 1156 894; x_wconf 88' lang='lat' dir='ltr'>hic</span> <span class='ocrx_word' id='word_1_59' title='bbox 1187 848 1238 893; x_wconf 92' lang='lat' dir='ltr'>in</span> <span class='ocrx_word' id='word_1_60' title='bbox 1273 846 1387 893; x_wconf 82' lang='lat' dir='ltr'>insi·</span> 
     </span>
    </p>

    <p class='ocr_par' dir='ltr' id='par_1_7' title="bbox 319 920 959 1059">
     <span class='ocr_line' id='line_1_10' title="bbox 361 920 959 978; baseline -0.002 -12"><span class='ocrx_word' id='word_1_61' title='bbox 361 920 448 966; x_wconf 86' lang='lat' dir='ltr'>diis</span> <span class='ocrx_word' id='word_1_62' title='bbox 482 937 574 966; x_wconf 88' lang='lat' dir='ltr'>ero.</span> <span class='ocrx_word' id='word_1_63' title='bbox 948 974 959 978; x_wconf 30' lang='lat'><em>⁶</em></span> 
     </span>
     <span class='ocr_line' id='line_1_11' title="bbox 319 1003 894 1059; baseline -0.007 -19"><span class='ocrx_word' id='word_1_64' title='bbox 319 1054 323 1059; x_wconf 12' lang='grc' dir='ltr'>ὓ</span> <span class='ocrx_word' id='word_1_65' title='bbox 592 1004 616 1038; x_wconf 91' lang='lat' dir='ltr'>s</span> <span class='ocrx_word' id='word_1_66' title='bbox 651 1005 673 1038; x_wconf 95' lang='lat'>1</span> <span class='ocrx_word' id='word_1_67' title='bbox 708 1003 752 1037; x_wconf 84' lang='lat' dir='ltr'><strong>M</strong></span> <span class='ocrx_word' id='word_1_68' title='bbox 786 1005 808 1038; x_wconf 92' lang='lat'>1</span> <span class='ocrx_word' id='word_1_69' title='bbox 842 1003 894 1037; x_wconf 78' lang='lat' dir='ltr'>A.</span> 
     </span>
    </p>

    <p class='ocr_par' dir='ltr' id='par_1_8' title="bbox 107 1072 1387 1208">
     <span class='ocr_line' id='line_1_12' title="bbox 107 1072 1387 1134; baseline -0.002 -13"><span class='ocrx_word' id='word_1_70' title='bbox 107 1074 271 1121; x_wconf 87' lang='lat' dir='ltr'>Habui</span> <span class='ocrx_word' id='word_1_71' title='bbox 294 1089 549 1120; x_wconf 86' lang='lat' dir='ltr'>numerum</span> <span class='ocrx_word' id='word_1_72' title='bbox 570 1072 761 1129; x_wconf 83' lang='lat' dir='ltr'>sedulo,</span> <span class='ocrx_word' id='word_1_73' title='bbox 790 1073 884 1118; x_wconf 91' lang='lat' dir='ltr'>hoc</span> <span class='ocrx_word' id='word_1_74' title='bbox 910 1083 978 1118; x_wconf 68' lang='lat' dir='ltr'>est</span> <span class='ocrx_word' id='word_1_75' title='bbox 999 1083 1188 1118; x_wconf 82' lang='lat' dir='ltr'>sextum</span> <span class='ocrx_word' id='word_1_76' title='bbox 1207 1090 1233 1118; x_wconf 86' lang='lat' dir='ltr'>a</span> <span class='ocrx_word' id='word_1_77' title='bbox 1249 1083 1387 1134; x_wconf 83' lang='lat' dir='ltr'>porta</span> 
     </span>
     <span class='ocr_line' id='line_1_13' title="bbox 362 1161 776 1208; baseline 0.007 -16"><span class='ocrx_word' id='word_1_78' title='bbox 362 1161 659 1208; x_wconf 86' lang='lat' dir='ltr'>proxumum</span> <span class='ocrx_word' id='word_1_79' title='bbox 768 1187 776 1195; x_wconf 84' lang='lat'><strong>.</strong></span> 
     </span>
    </p>

    <p class='ocr_par' dir='ltr' id='par_1_9' title="bbox 106 1219 1386 1337">
     <span class='ocr_line' id='line_1_14' title="bbox 106 1219 1386 1285; baseline -0.001 -19"><span class='ocrx_word' id='word_1_80' title='bbox 106 1219 427 1285; x_wconf 88' lang='lat' dir='ltr'>Angiportum</span> <span class='ocrx_word' id='word_1_81' title='bbox 444 1253 460 1276; x_wconf 88' lang='lat'>‚</span> <span class='ocrx_word' id='word_1_82' title='bbox 483 1219 535 1264; x_wconf 87' lang='lat' dir='ltr'>in</span> <span class='ocrx_word' id='word_1_83' title='bbox 559 1219 611 1265; x_wconf 88' lang='lat' dir='ltr'>id</span> <span class='ocrx_word' id='word_1_84' title='bbox 643 1219 947 1284; x_wconf 87' lang='lat' dir='ltr'>angiportum</span> <span class='ocrx_word' id='word_1_85' title='bbox 969 1236 1049 1266; x_wconf 93' lang='lat' dir='ltr'>me</span> <span class='ocrx_word' id='word_1_86' title='bbox 1078 1219 1265 1267; x_wconf 84' lang='lat' dir='ltr'>devorti</span> <span class='ocrx_word' id='word_1_87' title='bbox 1284 1219 1386 1283; x_wconf 86' lang='lat' dir='ltr'>jus-</span> 
     </span>
     <span class='ocr_line' id='line_1_15' title="bbox 358 1303 496 1337; baseline 0 0"><span class='ocrx_word' id='word_1_88' title='bbox 358 1303 496 1337; x_wconf 87' lang='lat' dir='ltr'>serat:</span> 
     </span>
    </p>

    <p class='ocr_par' dir='ltr' id='par_1_10' title="bbox 107 1364 1389 1484">
     <span class='ocr_line' id='line_1_16' title="bbox 107 1364 1389 1434; baseline -0.002 -22"><span class='ocrx_word' id='word_1_89' title='bbox 107 1365 377 1434; x_wconf 76' lang='lat' dir='ltr'>Quotumas</span> <span class='ocrx_word' id='word_1_90' title='bbox 407 1365 532 1412; x_wconf 87' lang='lat' dir='ltr'>aedis</span> <span class='ocrx_word' id='word_1_91' title='bbox 569 1365 745 1413; x_wconf 80' lang='lat' dir='ltr'>dixerit</span> <span class='ocrx_word' id='word_1_92' title='bbox 759 1401 773 1424; x_wconf 87' lang='lat'>‚</span> <span class='ocrx_word' id='word_1_93' title='bbox 803 1366 856 1413; x_wconf 89' lang='lat' dir='ltr'>id</span> <span class='ocrx_word' id='word_1_94' title='bbox 886 1382 975 1431; x_wconf 92' lang='lat' dir='ltr'>ego</span> <span class='ocrx_word' id='word_1_95' title='bbox 1006 1365 1278 1413; x_wconf 87' lang='lat' dir='ltr'>admodum</span> <span class='ocrx_word' id='word_1_96' title='bbox 1314 1364 1389 1410; x_wconf 87' lang='lat' dir='ltr'>in·-</span> 
     </span>
     <span class='ocr_line' id='line_1_17' title="bbox 368 1449 645 1484; baseline 0 -1"><span class='ocrx_word' id='word_1_97' title='bbox 368 1449 500 1484; x_wconf 90' lang='lat' dir='ltr'>certo</span> <span class='ocrx_word' id='word_1_98' title='bbox 535 1454 645 1483; x_wconf 73' lang='lat' dir='ltr'>scio.</span> 
     </span>
    </p>

    <p class='ocr_par' dir='ltr' id='par_1_11' title="bbox 562 1530 939 1564">
     <span class='ocr_line' id='line_1_18' title="bbox 562 1530 939 1564; baseline -0.003 -2"><span class='ocrx_word' id='word_1_99' title='bbox 562 1531 591 1562; x_wconf 84' lang='grc' dir='ltr'>Β</span> <span class='ocrx_word' id='word_1_100' title='bbox 629 1530 664 1563; x_wconf 80' lang='lat' dir='ltr'>A</span> <span class='ocrx_word' id='word_1_101' title='bbox 700 1531 732 1563; x_wconf 83' lang='lat' dir='ltr'>L</span> <span class='ocrx_word' id='word_1_102' title='bbox 767 1531 797 1564; x_wconf 80' lang='lat'>1,</span> <span class='ocrx_word' id='word_1_103' title='bbox 834 1531 856 1564; x_wconf 93' lang='lat'>1</span> <span class='ocrx_word' id='word_1_104' title='bbox 893 1530 939 1563; x_wconf 92' lang='lat' dir='ltr'>o.</span> 
     </span>
    </p>

    <p class='ocr_par' dir='ltr' id='par_1_12' title="bbox 110 1593 1391 1728">
     <span class='ocr_line' id='line_1_19' title="bbox 110 1593 1391 1664; baseline -0.001 -24"><span class='ocrx_word' id='word_1_105' title='bbox 110 1594 232 1664; x_wconf 73' lang='lat' dir='ltr'>Quis</span> <span class='ocrx_word' id='word_1_106' title='bbox 251 1593 329 1640; x_wconf 91' lang='lat' dir='ltr'>hic</span> <span class='ocrx_word' id='word_1_107' title='bbox 359 1594 508 1641; x_wconf 89' lang='lat' dir='ltr'>homo</span> <span class='ocrx_word' id='word_1_108' title='bbox 541 1595 869 1658; x_wconf 85' lang='lat' dir='ltr'>chlamydatus</span> <span class='ocrx_word' id='word_1_109' title='bbox 899 1605 968 1640; x_wconf 88' lang='lat' dir='ltr'>est</span> <span class='ocrx_word' id='word_1_110' title='bbox 984 1628 998 1651; x_wconf 90' lang='lat'>,</span> <span class='ocrx_word' id='word_1_111' title='bbox 1028 1605 1113 1640; x_wconf 85' lang='lat' dir='ltr'>aut</span> <span class='ocrx_word' id='word_1_112' title='bbox 1142 1593 1273 1639; x_wconf 89' lang='lat' dir='ltr'>unde</span> <span class='ocrx_word' id='word_1_113' title='bbox 1296 1605 1391 1652; x_wconf 81' lang='lat' dir='ltr'>est,</span> 
     </span>
     <span class='ocr_line' id='line_1_20' title="bbox 370 1666 924 1728; baseline -0.002 -16"><span class='ocrx_word' id='word_1_114' title='bbox 370 1679 453 1712; x_wconf 91' lang='lat' dir='ltr'>aut</span> <span class='ocrx_word' id='word_1_115' title='bbox 480 1683 627 1728; x_wconf 91' lang='lat' dir='ltr'>quem</span> <span class='ocrx_word' id='word_1_116' title='bbox 656 1666 924 1728; x_wconf 84' lang='lat' dir='ltr'>quaeritat?</span> 
     </span>
    </p>

    <p class='ocr_par' dir='ltr' id='par_1_13' title="bbox 109 1740 1389 1805">
     <span class='ocr_line' id='line_1_21' title="bbox 109 1740 1389 1805; baseline -0.002 -19"><span class='ocrx_word' id='word_1_117' title='bbox 109 1740 354 1805; x_wconf 84' lang='lat' dir='ltr'>Peregrina</span> <span class='ocrx_word' id='word_1_118' title='bbox 375 1740 510 1787; x_wconf 85' lang='lat' dir='ltr'>facies</span> <span class='ocrx_word' id='word_1_119' title='bbox 531 1741 723 1788; x_wconf 86' lang='lat' dir='ltr'>videtur</span> <span class='ocrx_word' id='word_1_120' title='bbox 746 1740 977 1798; x_wconf 88' lang='lat' dir='ltr'>hominis,</span> <span class='ocrx_word' id='word_1_121' title='bbox 998 1750 1142 1800; x_wconf 91' lang='lat' dir='ltr'>atque</span> <span class='ocrx_word' id='word_1_122' title='bbox 1158 1740 1389 1805; x_wconf 73' lang='lat' dir='ltr'>ignobilis,</span> 
     </span>
    </p>
   </div>
   <div class='ocr_carea' id='block_1_6' title="bbox 114 1845 1398 2488">
    <p class='ocr_par' dir='ltr' id='par_1_14' title="bbox 114 1845 1398 2488">
     <span class='ocr_line' id='line_1_22' title="bbox 597 1845 908 1879; baseline -0.003 0"><span class='ocrx_word' id='word_1_123' title='bbox 597 1846 620 1879; x_wconf 93' lang='lat' dir='ltr'>s</span> <span class='ocrx_word' id='word_1_124' title='bbox 657 1846 679 1878; x_wconf 91' lang='lat'>1</span> <span class='ocrx_word' id='word_1_125' title='bbox 716 1847 760 1879; x_wconf 86' lang='lat' dir='ltr'>M</span> <span class='ocrx_word' id='word_1_126' title='bbox 798 1845 820 1878; x_wconf 93' lang='lat'>1</span> <span class='ocrx_word' id='word_1_127' title='bbox 857 1845 908 1878; x_wconf 85' lang='lat' dir='ltr'>A.</span> 
     </span>
     <span class='ocr_line' id='line_1_23' title="bbox 114 1901 1394 1966; baseline -0.002 -17"><span class='ocrx_word' id='word_1_128' title='bbox 114 1901 212 1949; x_wconf 89' lang='lat' dir='ltr'>Sed</span> <span class='ocrx_word' id='word_1_129' title='bbox 245 1919 409 1950; x_wconf 87' lang='lat' dir='ltr'>eccum</span> <span class='ocrx_word' id='word_1_130' title='bbox 422 1939 436 1961; x_wconf 88' lang='lat'><strong>‚</strong></span> <span class='ocrx_word' id='word_1_131' title='bbox 480 1905 566 1966; x_wconf 92' lang='lat' dir='ltr'>qui</span> <span class='ocrx_word' id='word_1_132' title='bbox 600 1922 661 1951; x_wconf 88' lang='lat' dir='ltr'>ex</span> <span class='ocrx_word' id='word_1_133' title='bbox 689 1906 869 1952; x_wconf 87' lang='lat' dir='ltr'>incerto</span> <span class='ocrx_word' id='word_1_134' title='bbox 900 1904 1039 1951; x_wconf 86' lang='lat' dir='ltr'>faciet</span> <span class='ocrx_word' id='word_1_135' title='bbox 1068 1904 1186 1949; x_wconf 87' lang='lat' dir='ltr'>mihi</span> <span class='ocrx_word' id='word_1_136' title='bbox 1202 1937 1218 1961; x_wconf 90' lang='lat'>‚</span> <span class='ocrx_word' id='word_1_137' title='bbox 1256 1902 1394 1963; x_wconf 86' lang='lat' dir='ltr'>quod</span> 
     </span>
     <span class='ocr_line' id='line_1_24' title="bbox 368 1980 798 2038; baseline 0.002 -14"><span class='ocrx_word' id='word_1_138' title='bbox 368 1994 543 2038; x_wconf 88' lang='lat' dir='ltr'>quaero</span> <span class='ocrx_word' id='word_1_139' title='bbox 564 2013 579 2037; x_wconf 91' lang='lat'>‚</span> <span class='ocrx_word' id='word_1_140' title='bbox 615 1980 798 2026; x_wconf 89' lang='lat' dir='ltr'>certius.</span> 
     </span>
     <span class='ocr_line' id='line_1_25' title="bbox 572 2071 951 2105; baseline 0 -1"><span class='ocrx_word' id='word_1_141' title='bbox 572 2072 601 2104; x_wconf 82' lang='grc' dir='ltr'><strong><em>Β</em></strong></span> <span class='ocrx_word' id='word_1_142' title='bbox 639 2073 672 2104; x_wconf 84' lang='lat' dir='ltr'>A</span> <span class='ocrx_word' id='word_1_143' title='bbox 710 2072 741 2104; x_wconf 87' lang='lat'>1.</span> <span class='ocrx_word' id='word_1_144' title='bbox 776 2073 807 2105; x_wconf 83' lang='lat'>1,</span> <span class='ocrx_word' id='word_1_145' title='bbox 843 2072 866 2104; x_wconf 92' lang='lat'>1</span> <span class='ocrx_word' id='word_1_146' title='bbox 902 2071 951 2104; x_wconf 91' lang='grc' dir='ltr'>ο.</span> 
     </span>
     <span class='ocr_line' id='line_1_26' title="bbox 117 2130 1392 2195; baseline -0.003 -17"><span class='ocrx_word' id='word_1_147' title='bbox 117 2130 197 2178; x_wconf 88' lang='lat' dir='ltr'>Ad</span> <span class='ocrx_word' id='word_1_148' title='bbox 223 2147 305 2178; x_wconf 88' lang='lat' dir='ltr'>me</span> <span class='ocrx_word' id='word_1_149' title='bbox 332 2131 433 2176; x_wconf 88' lang='lat' dir='ltr'>adit</span> <span class='ocrx_word' id='word_1_150' title='bbox 456 2142 594 2176; x_wconf 79' lang='lat' dir='ltr'>recta.</span> <span class='ocrx_word' id='word_1_151' title='bbox 610 2132 742 2176; x_wconf 89' lang='lat' dir='ltr'>unde</span> <span class='ocrx_word' id='word_1_152' title='bbox 770 2148 859 2195; x_wconf 89' lang='lat' dir='ltr'>ego</span> <span class='ocrx_word' id='word_1_153' title='bbox 881 2131 1134 2177; x_wconf 88' lang='lat' dir='ltr'>hominem</span> <span class='ocrx_word' id='word_1_154' title='bbox 1151 2130 1281 2175; x_wconf 87' lang='lat' dir='ltr'>hunc</span> <span class='ocrx_word' id='word_1_155' title='bbox 1301 2144 1392 2175; x_wconf 86' lang='lat' dir='ltr'>esse</span> 
     </span>
     <span class='ocr_line' id='line_1_27' title="bbox 372 2201 807 2264; baseline 0 -17"><span class='ocrx_word' id='word_1_156' title='bbox 372 2201 527 2247; x_wconf 86' lang='lat' dir='ltr'>dicam</span> <span class='ocrx_word' id='word_1_157' title='bbox 555 2202 807 2264; x_wconf 85' lang='lat' dir='ltr'>gentium?</span> 
     </span>
     <span class='ocr_line' id='line_1_28' title="bbox 620 2289 918 2325; baseline 0.007 -2"><span class='ocrx_word' id='word_1_158' title='bbox 620 2289 643 2323; x_wconf 91' lang='lat' dir='ltr'>s</span> <span class='ocrx_word' id='word_1_159' title='bbox 679 2291 700 2323; x_wconf 95' lang='lat'>1</span> <span class='ocrx_word' id='word_1_160' title='bbox 735 2291 779 2323; x_wconf 92' lang='grc' dir='ltr'>Μ</span> <span class='ocrx_word' id='word_1_161' title='bbox 813 2292 834 2324; x_wconf 93' lang='lat'>1</span> <span class='ocrx_word' id='word_1_162' title='bbox 868 2291 918 2325; x_wconf 78' lang='grc' dir='ltr'>Α.</span> 
     </span>
     <span class='ocr_line' id='line_1_29' title="bbox 120 2351 1398 2414; baseline 0 -16"><span class='ocrx_word' id='word_1_163' title='bbox 120 2351 253 2400; x_wconf 90' lang='lat' dir='ltr'>Heus</span> <span class='ocrx_word' id='word_1_164' title='bbox 277 2364 359 2410; x_wconf 89' lang='lat' dir='ltr'>tu,</span> <span class='ocrx_word' id='word_1_165' title='bbox 386 2352 601 2413; x_wconf 86' lang='lat' dir='ltr'>quicum</span> <span class='ocrx_word' id='word_1_166' title='bbox 623 2351 839 2412; x_wconf 84' lang='lat' dir='ltr'>hirquina</span> <span class='ocrx_word' id='word_1_167' title='bbox 864 2363 976 2399; x_wconf 84' lang='lat' dir='ltr'>astas</span> <span class='ocrx_word' id='word_1_168' title='bbox 1005 2353 1180 2410; x_wconf 83' lang='lat' dir='ltr'>barba,</span> <span class='ocrx_word' id='word_1_169' title='bbox 1206 2367 1398 2414; x_wconf 72' lang='lat' dir='ltr'>respon-</span> 
     </span>
     <span class='ocr_line' id='line_1_30' title="bbox 373 2424 755 2488; baseline -0.005 -17"><span class='ocrx_word' id='word_1_170' title='bbox 373 2424 435 2471; x_wconf 87' lang='lat' dir='ltr'>de</span> <span class='ocrx_word' id='word_1_171' title='bbox 463 2424 598 2485; x_wconf 90' lang='lat' dir='ltr'>quod</span> <span class='ocrx_word' id='word_1_172' title='bbox 629 2438 755 2488; x_wconf 88' lang='lat' dir='ltr'>rogo.</span> 
     </span>
    </p>
   </div>
  </div>
 </body>
</html>
