1690 2872
330 139 422 199 438
632 134 1294 186 TRINUMMUS.
1494 141 1625 205 v.36

330 245 457 294 Sarta
486 255 609 291 tecta
636 255 720 290 tua
749 253 999 306 praecepta
1027 261 1179 307 usque
1205 248 1351 295 habui
1382 264 1488 297 mea
1510 267 1624 298 mo-

554 353 558 355 -
588 317 747 364 destia.

787 406 816 439 P
853 404 888 438 H
922 405 943 438 I
980 405 1011 439 L
1048 405 1081 438 T
1120 405 1171 438 Ο.

335 466 475 535 Quid
502 466 798 528 exprobras?
824 466 950 513 bene
977 466 1112 529 quod
1133 466 1311 526 fecisti,
1335 467 1423 515 tibi
1448 467 1620 528 fecisti,

587 555 688 585 non
716 539 846 584 mihi.

332 612 454 659 Mihi
477 612 677 674 quidem
708 604 832 658 aeths
854 622 955 659 acta
983 622 1051 659 est
1079 611 1255 659 ferme:
1291 621 1373 659 tua
1402 611 1522 659 istuc
1551 623 1625 660 re-

588 687 683 733 fert
717 704 956 734 maxume.

329 762 374 808 Is
401 763 582 824 probus
618 773 715 819 est,
739 779 887 823 quem
913 761 1159 824 poenitet,
1192 777 1341 824 quam
1367 762 1425 808 sit
1450 762 1629 824 probus

589 847 636 882 et
674 835 799 899 frugi
830 836 1000 882 bonae.

334 909 440 980 Qui
471 911 596 973 ipsus
629 910 717 956 sibi
748 910 851 956 satis
880 911 1068 972 placet,
1095 924 1186 959 nec
1210 908 1392 972 probus
1419 920 1518 968 est,
1538 923 1628 956 nee

587 983 712 1046 frugi
740 983 911 1030 bonae.

333 1056 587 1102 Benefacta
609 1057 864 1103 benefactis
884 1057 981 1102 aliis
997 1057 1233 1120 pel-tegito
1247 1091 1260 1114 ‚
1281 1073 1343 1102 ne
1361 1056 1629 1118 perpluant.

336 1134 439 1202 Qui
452 1135 576 1196 ipsus
590 1151 637 1180 se
649 1136 931 1193 contemnit,
944 1136 995 1181 in
1010 1152 1067 1182 eo
1081 1147 1153 1182 est.
1160 1135 1346 1200 indoles
1358 1135 1627 1181 industriae.

692 1221 724 1254 Ι,
767 1222 798 1254 Y
835 1221 858 1263 s
898 1222 919 1254 1
957 1222 988 1254 Τ
1024 1220 1055 1254 Ε
1092 1222 1123 1255 1.
1158 1221 1188 1254 E
1224 1219 1261 1254 s.

334 1279 419 1326 Ob
453 1297 558 1326 eam
589 1297 690 1326 rem
726 1283 871 1340 haec,
901 1292 1066 1344 pater,
1100 1281 1370 1328 autumavi-t
1412 1281 1527 1342 quia
1557 1294 1630 1326 res

563 1381 569 1383 -
597 1355 834 1415 quaedam
860 1356 943 1413 ’st‚
975 1371 1124 1416 quam
1154 1356 1270 1402 volo

334 1426 436 1492 Ego
461 1446 542 1475 me
574 1429 654 1474 abs
685 1443 732 1475 te
762 1445 994 1475 exorare.⁴

790 1513 818 1545 P
856 1513 890 1546 H
927 1514 947 1546 1
983 1513 1014 1547 L
1053 1514 1084 1547 T
1120 1513 1170 1548 O

642 1574 784 1644 Quid
803 1574 854 1619 id
875 1575 980 1619 est?
1009 1575 1201 1621 veniam
1210 1573 1313 1638 j'am
1343 1570 1453 1618 dare
1471 1571 1633 1636 gestio-

694 1669 724 1702 L
764 1669 793 1702 Y
833 1669 855 1702 s
891 1671 912 1702 1
949 1670 980 1702 T
1022 1670 1052 1703 Ε
1089 1671 1119 1703 L
1157 1669 1187 1702 E
1227 1669 1267 1703 s.

336 1728 644 1776 Adulescenti
679 1728 792 1775 huic
833 1746 1004 1806 genere
1039 1746 1263 1809 sumrno,
1297 1729 1450 1776 amico
1482 1737 1631 1788 atque

598 1804 783 1864 aequali
808 1819 918 1847 meo
936 1837 950 1859 ‚
983 1823 986 1826 ⁴
1347 1821 1350 1826 ·

337 1877 501 1923 Minus
525 1877 611 1939 qui
638 1888 774 1923 caute
803 1886 851 1922 et
879 1874 1084 1939 cogitate
1105 1889 1239 1920 suam
1260 1888 1363 1919 rem
1389 1870 1630 1929 tractavit,

598 1963 759 2012 pater,

336 2025 468 2074 Bene
496 2028 608 2075 volo
641 2043 729 2091 ego
752 2025 820 2071 illi
850 2023 1000 2070 facere
1017 2058 1033 2081 ‚
1059 2023 1096 2069 si
1126 2033 1182 2070 tu
1212 2037 1314 2069 non
1338 2020 1483 2068 nevis.
1517 2025 1521 2027 “

795 2121 824 2154 P
865 2118 1179 2153 HILTo.
1546 2146 1551 2150 .

1217 2164 1627 2230 Nempedetuo.'

696 2258 727 2291 L
765 2258 801 2291 Y
838 2257 861 2291 s
899 2257 921 2290 1
958 2257 990 2291 Τ
1025 2257 1055 2289 Ε
1093 2256 1123 2290 L
1159 2256 1190 2289 E
1227 2255 1263 2289 s.

337 2317 414 2365 De
445 2334 578 2366 meo:
608 2333 722 2363 nam
748 2317 886 2378 qnod
914 2321 1056 2363 tuum
1070 2314 1149 2370 ’st,
1181 2329 1347 2359 meum
1364 2311 1442 2358 ’·st
1473 2325 1624 2358 omne

591 2408 758 2438 meum
778 2390 833 2436 'st
863 2399 1026 2436 autem
1055 2398 1210 2434 tuum.
