1598 2814
255 140 351 199 566
490 139 1295 192 TRUCULENTUS.
1410 162 1539 206 v.25

615 262 651 296 A
688 263 710 297 S
748 264 779 298 Τ
815 264 850 298 A
885 266 913 299 Ρ
951 266 985 299 Η
1021 267 1042 301 1
1079 267 1115 301 U
1152 269 1211 303 M.

487 324 671 395 Interea
691 326 907 390 magister
925 326 1043 373 dum
1062 339 1119 375 tu
1141 331 1509 379 conmentabere
1523 367 1539 391 ‚

256 395 374 444 Volt
398 397 588 445 interim
614 399 694 445 illa
711 400 882 446 itidem
905 404 1214 450 conmentari.

611 492 647 525 D
686 492 708 526 1
746 493 781 527 Ν
821 494 853 526 Α
891 496 924 529 R
963 497 989 529 c
1028 498 1064 531 H
1100 498 1135 530 U
1174 496 1211 531 s.

743 555 912 625 Quid?

610 639 647 673 A
685 639 708 675 s
746 638 779 674 Τ
815 641 852 675 A
886 643 914 676 P
950 643 985 676 H
1020 644 1041 676 1
1077 644 1113 678 U
1149 645 1208 679 M.

888 703 1010 750 Rem
1029 705 1239 768 accipere
1256 705 1540 753 identidem.

613 786 649 819 D
686 787 706 820 1
743 789 777 822 N
814 791 849 822 A
883 791 916 824 R
952 792 979 824 c
1015 792 1050 825 H
1086 792 1120 826 U
1159 792 1198 826 s.

252 843 381 890 Dedi
413 844 645 906 equidem
674 847 819 896 hodie
847 850 889 896 ei
913 852 1133 914 quinque
1151 853 1339 918 ,argenti
1367 851 1540 899 deferri

513 936 688 978 minas,

252 991 491 1038 Praeterea
519 1010 664 1039 unam
682 995 732 1040 in
757 997 1060 1045 obsonatum.

608 1089 643 1122 A
680 1089 702 1123 s
742 1089 774 1122 T
810 1091 845 1123 A
882 1091 911 1124 P
954 1091 988 1124 Η
1025 1091 1045 1124 1
1084 1090 1118 1124 U
1156 1091 1211 1124 M.

892 1152 1030 1197 Idem
1055 1152 1171 1198 istoc
1198 1151 1410 1199 delatum
1433 1151 1537 1198 scio.

250 1220 326 1266 De
351 1236 407 1267 eo
430 1238 562 1270 nunc
587 1224 713 1271 bene
733 1240 893 1270 sumus
917 1235 998 1269 tua
1020 1224 1210 1270 virtute.

608 1310 644 1343 D
680 1310 701 1343 1
736 1309 769 1342 N
806 1310 841 1342 A
878 1311 912 1344 R
948 1310 975 1343 c
1013 1310 1048 1343 H
1086 1310 1120 1343 U
1158 1310 1194 1344 s.

1001 1371 1138 1416 Ilh'ne
1161 1380 1217 1416 ut
1237 1369 1416 1417 inimici
1432 1387 1538 1416 mea

249 1438 382 1487 Bona
406 1442 507 1488 istic
529 1442 704 1488 edant?
732 1454 985 1491 mortuum
1010 1444 1167 1492 hercle
1182 1461 1288 1504 me,
1317 1461 1464 1507 quam
1481 1456 1537 1492 ut

502 1515 552 1561 id
575 1516 748 1578 patim,
782 1519 1019 1565 mavelim.
1261 1580 1268 1582 s
1479 1514 1488 1519 ’

607 1602 642 1636 A
678 1602 700 1637 S
740 1603 771 1636 T
808 1604 843 1637 A
878 1605 906 1638 P
944 1605 978 1638 Η
1015 1606 1035 1638 Ι
1075 1605 1110 1638 U
1146 1606 1204 1640 M.

248 1662 474 1714 Mavelim
503 1664 622 1709 mihi
650 1663 865 1711 inimicos
894 1666 1135 1726 invidere,
1168 1682 1315 1729 quam
1346 1682 1426 1713 me
1445 1666 1535 1712 ini-

508 1738 641 1783 micis
670 1739 796 1784 meis.

245 1808 371 1855 Nam
395 1809 612 1856 invidere
634 1808 709 1855 alii
732 1809 860 1857 bene
889 1826 1006 1869 esse,
1040 1810 1129 1856 tibi
1150 1812 1274 1858 male
1297 1827 1415 1869 esse,
1436 1811 1530 1864 mi-‚

500 1884 613 1929 seria
641 1894 722 1930 est.
1482 1882 1488 1886 ⁴

244 1955 347 2025 Qui
365 1956 606 2015 invident,
633 1969 798 2023 egent:
818 1957 912 2016 illi,
937 1959 1112 2021 quibus
1139 1958 1378 2007 invidetur
1392 1993 1406 2017 ,
1424 1974 1527 2006 rem

498 2032 691 2079 habent.

242 2091 505 2142 StultuseS.

600 2174 636 2207 D
676 2174 1111 2210 INARCRU
1148 2173 1187 2209 s,

439 2233 581 2303 Quid
606 2235 704 2280 est?
868 2299 879 2310 ι

597 2321 633 2356 A
669 2321 692 2355 S
729 2321 761 2354 T
797 2321 830 2354 A
866 2322 894 2354 P
931 2321 965 2355 H
1001 2323 1022 2356 1
1059 2321 1094 2355 U
1128 2320 1182 2354 M.
1211 2355 1214 2358 .

659 2381 908 2442 Opperire.
942 2390 953 2401 ·
