1630 2866
135 154 263 198 v.52
427 137 718 185 ACTUS
768 139 846 184 ΙΙ.
898 137 994 185 SC.
1048 140 1125 187 ΙΙ.
1276 142 1288 152 “
1324 153 1414 200 371

518 258 555 291 D
590 258 611 290 1
647 257 681 290 N
721 257 754 289 A
792 257 820 290 C
855 257 877 289 1
915 256 950 290 U
986 259 1045 292 Μ.

735 314 783 361 Si
809 316 856 360 in
880 327 928 361 te

134 385 296 437 Pudor
317 386 444 443 assit,
474 401 575 432 non
597 403 676 432 me
700 389 917 449 appelles.

492 471 525 505 G
561 471 591 503 E
628 473 660 505 L
695 472 729 505 Α
765 472 787 505 S
824 473 845 505 1
884 474 927 507 Μ
964 473 999 507 U
1035 471 1077 509 S·

134 530 330 582 Possum
361 531 472 576 scire
495 547 556 576 ex
577 543 624 577 te
646 532 849 578 verum?

520 615 556 647 D
594 616 615 648 1
651 616 685 649 Ν
719 616 756 649 A
793 617 820 649 c
855 617 877 650 1
911 617 946 651 U
974 617 1039 651 Μ.

134 674 284 721 Potes·
321 675 466 722 hodie
489 691 591 726 non
614 677 844 724 coenabis.

497 846 878 898 SCENA
966 850 1069 898 11.

183 979 741 1027 PANEGYRIS,
812 987 1365 1030 GELASIMUS.

487 1079 1046 1118 DINAGIUM.

485 1218 1067 1258 PANEGYRIS.

132 1265 289 1428 Qu
303 1344 321 1376 1
335 1342 400 1378 sN
413 1343 444 1376 A
456 1343 504 1381 M
517 1368 531 1390 ‚
567 1335 761 1386 obsecro
789 1370 807 1395 ‚
847 1337 927 1383 has
951 1337 1120 1403 frangit
1152 1339 1294 1387 foris?
1329 1343 1415 1389 ubi

389 1414 456 1448 est
468 1403 490 1447 Ρ

131 1473 257 1528 Tun’
278 1476 394 1524 haec
417 1474 524 1520 facis
540 1475 562 1520 Ρ
585 1476 686 1525 tun’
711 1477 830 1522 mihi
853 1478 949 1524 huc
972 1481 1116 1525 hostis
1147 1482 1278 1527 venis
1292 1484 1314 1528 Ξ)

486 1565 518 1598 G
554 1567 585 1599 Β
623 1562 654 1600 Ι,
688 1567 724 1599 A
760 1568 782 1601 s
820 1568 842 1599 1
879 1568 922 1606 M
959 1570 995 1602 U
1033 1571 1072 1604 s.

119 1622 266 1694 §alve
282 1658 297 1682 ‚
331 1635 418 1671 tuo
441 1627 655 1673 arcessitu
674 1627 817 1676 venio
841 1628 950 1675 huc.

486 1711 515 1745 P
552 1711 584 1745 A
619 1711 654 1744 Ν
687 1712 719 1745 Ε
757 1711 789 1743 G
825 1712 860 1745 Y
896 1713 931 1746 R
964 1714 986 1746 1
1024 1714 1066 1748 s.
1120 1743 1123 1746 ,

550 1814 553 1816 .
740 1771 852 1826 Ean’
873 1773 1019 1836 *gratia
1040 1772 1149 1821 foris
1172 1776 1406 1844 effringis?

492 1856 526 1891 G
559 1856 591 1889 E
626 1856 657 1889 Ι,
693 1856 728 1891 A
765 1857 788 1890 s
823 1858 844 1890 1
881 1859 924 1892 Μ
961 1860 996 1893 U
1033 1861 1072 1894 s.

130 1913 263 1960 Tuos
293 1915 520 1973 inclama,
557 1916 631 1962 tui
664 1917 985 1987 delinquunt:
1022 1937 1139 1987 ego,
1176 1926 1298 1986 quid
1327 1926 1408 1974 me

380 1990 552 2046 velles,
583 1987 816 2036 visebam:

130 2059 253 2109 Nam
275 2061 501 2122 equidem
522 2062 691 2107 harum
708 2063 972 2113 miserebat.

514 2154 551 2187 D
587 2153 608 2186 1
643 2155 675 2187 Ν
710 2155 747 2189 A
781 2157 808 2189 c
843 2157 864 2189 1
901 2157 937 2189 U
974 2158 1029 2192 M.

554 2212 678 2277 Ergo
695 2215 928 2261 auxilium
948 2230 1151 2279 propere
1168 2222 1320 2268 latum
1339 2225 1405 2269 ’st.

481 2298 510 2331 P
547 2297 581 2330 A
616 2299 649 2331 Ν
685 2299 715 2331 Ε
752 2298 785 2332 G
820 2300 854 2333 Y
889 2302 922 2334 R
957 2302 978 2334 1
1016 2302 1055 2336 s.

129 2354 363 2424 Quisnam
379 2358 455 2405 hic
474 2359 692 2420 loquitur
713 2371 812 2407 tam
834 2378 986 2424 prope
1003 2365 1125 2412 nos?
