1598 2814
85 148 232 232 ιμ’
381 163 674 214 ACTUs
722 163 800 210 11.
847 160 955 210 sc.
1002 162 1082 208 11.
1276 139 1390 234 ⁵33*

439 289 463 325 S
499 292 531 324 T
565 292 600 324 R
635 289 670 323 A
705 289 738 323 T
772 289 794 322 1
829 289 860 322 L
896 287 932 322 A
970 286 1023 322 X.

389 346 533 397 Abire
559 351 669 398 hinc
688 350 740 396 ni
757 365 978 411 properas
1000 346 1168 412 grandi
1189 346 1334 411 gradu
1351 373 1368 396 2
1391 396 1393 398 ,

79 425 188 486 Jam
216 440 303 490 ego
330 426 439 471 istos
467 425 602 472 fictos
619 459 634 483 ,
659 423 961 486 conpositos,
993 422 1163 483 crispos
1187 419 1366 467 cincin-

345 514 432 544 nos
459 508 570 544 tuos

86 572 414 638 Unguentatos
442 574 595 633 usqhe
628 587 689 618 ex
711 570 906 618 cerebro
930 570 1180 633 expellam.

441 664 478 698 A
513 663 536 698 s
574 664 605 696 T
642 663 678 696 A
713 662 740 696 P
779 663 812 696 Η
851 663 873 696 1
908 663 944 696 U
980 662 1037 695 M.

705 733 711 741 '
942 723 1163 792 Quanam
1187 719 1363 787 gratia?

442 806 467 840 s
503 807 535 840 T
570 808 604 841 R
639 807 674 839 A
709 807 740 839 T
775 806 798 840 1
834 805 867 839 L
902 804 939 838 A
973 804 1025 839 x.

88 859 218 935 Quia
244 866 364 914 adeo
395 866 505 913 foris
531 878 706 913 nostras
735 865 990 930 unguentis
1016 875 1160 911 uncta
1187 881 1233 911 es
1255 880 1362 909 ausa

330 933 593 997 accedere,

90 1012 318 1082 Quiaque
339 1013 442 1131 ξω
461 1013 628 1059 buccas
650 1023 748 1059 tam
775 1012 901 1063 belle
931 979 1266 1075 purpurissatas
1284 1012 1367 1058 ha·-

377 1101 434 1132 es,

441 1167 1028 1215 ASTAPHI'UM.

87 1230 271 1279 Erubui
296 1242 525 1278 mecastor
541 1232 703 1277 misera
719 1241 917 1292 propter
938 1231 1195 1277 cIarnorem
1210 1242 1363 1277 tuum.

160 1359 174 1373 ‚
447 1322 469 1355 s
506 1323 538 1355 T
573 1325 607 1357 R
642 1324 677 1356 A
715 1323 747 1354 T
782 1323 803 1355 1
839 1322 870 1355 1.
905 1321 939 1354 A
974 1321 1025 1354 x.

87 1381 254 1428 Itane?
274 1383 532 1429 erubuisti?
551 1384 810 1443 quasivero
834 1381 1023 1442 corpori
1043 1382 1288 1442 reliqueris

88 1453 200 1498 Tuo
223 1464 506 1513 potestatem
533 1456 700 1501 coloris
732 1455 818 1500 ulli
844 1453 1100 1514 capiundi,
1132 1456 1266 1499 mala.

90 1523 262 1569 Buccas
278 1524 490 1570 rubricae
504 1559 519 1582 ‚
548 1543 651 1572 cera
669 1542 814 1572 omne
832 1540 998 1586 corpus
1015 1525 1210 1570 intinxit
1232 1525 1329 1570 tibi.

92 1595 338 1642 pessumae
367 1596 483 1642 estis.

447 1682 483 1713 A
519 1679 541 1713 S
578 1680 611 1713 T
646 1680 680 1713 A
716 1680 744 1713 P
783 1680 818 1712 H
852 1681 873 1713 1
908 1679 945 1712 U
980 1679 1037 1712 M.

278 1737 419 1807 Quid·
438 1750 528 1796 est,
553 1740 689 1800 quod
707 1740 841 1786 vobis
861 1755 1106 1801 pessumae
1121 1739 1235 1789 haec
1251 1741 1277 1769 *
1295 1742 1322 1770 *
1341 1741 1369 1786 ἶ*

450 1823 473 1858 s
512 1825 543 1857 T
578 1826 611 1858 R
646 1825 680 1857 A
717 1825 748 1857 Τ
785 1825 805 1857 1
839 1825 870 1857 1.
907 1825 941 1856 A
976 1824 1027 1857 x.

88 1879 195 1929 Scio
226 1896 312 1947 ego
331 1884 439 1944 plus
455 1918 469 1941 ‚
492 1901 637 1945 quam
660 1901 738 1930 me
758 1884 980 1939 arbitrare
1002 1885 1126 1937 scire.

446 1978 482 2011 A
517 1979 539 2014 S
576 1981 608 2013 Τ
642 1978 678 2012 Α
715 1981 744 2014 P
779 1980 815 2013 H
849 1980 870 2012 1
909 1979 944 2012 U
979 1979 1038 2012 M.

92 2060 149 2171 <Q-
212 2100 245 2146 d
329 2100 340 2109 ·
400 2100 429 2134 p
767 2039 906 2108 Quid
934 2039 987 2084 id
1020 2051 1117 2099 est,
1144 2039 1368 2099 obsecro,

148 2117 209 2147 uo
280 2116 411 2146 scias.

450 2178 472 2211 S
508 2178 540 2210 T
575 2179 610 2212 R
644 2178 679 2211 A
716 2181 747 2213 T
782 2182 804 2214 Ι
838 2183 869 2216 Ι.
907 2182 942 2215 Α
978 2182 1030 2215 Χ

412 2237 462 2282 H
466 2238 586 2283 erilis
604 2248 763 2285 noster
785 2240 907 2287 filius
930 2240 1061 2308 apud
1078 2258 1159 2287 vos
1174 2238 1370 2286 Strabax

8 2310 23 2317 '
90 2293 157 2355 Ut
173 2320 355 2371 pereat,
386 2320 442 2355 ut
464 2325 576 2355 eum
594 2310 837 2360 inliciatis
823 2329 876 2360 111
898 2313 1074 2360 malam
1089 2311 1304 2358 fraudem
1321 2322 1371 2359 et

349 2385 627 2447 praemium.

1039 2458 1079 2505 L
1098 2461 1117 2506 l
1153 2478 1180 2524 3
