1598 2814
207 151 307 210 wo
441 148 1247 200 TRUCULENTUS
1366 168 1501 212 mm

211 260 258 306 N
261 276 355 306 unc
375 259 542 305 habeas
559 293 572 315 ‚
597 269 651 304 ut
674 269 852 304 nactus,
882 274 1055 307 verum
1074 259 1170 308 hoc
1192 278 1281 326 ego
1305 273 1353 309 te
1372 265 1501 310 mul-

384 330 389 334 ’
466 332 576 377 tabo
607 332 750 377 bolo:
1467 348 1472 353 ·

213 407 307 455 Sex
330 406 504 451 talenta
519 421 686 468 magna
705 422 730 450 a
750 405 865 451 dote
886 403 1078 453 demam
1094 422 1183 469 pro
1201 408 1282 455 ista
1304 409 1496 457 inscitia.

564 492 599 524 D
640 492 659 524 Ι
697 491 729 524 N
765 491 800 524 A
836 492 870 525 R
906 493 933 525 C
970 492 1005 524 H
1041 492 1076 525 U
1113 493 1155 528 S.

210 556 339 602 Bene
363 555 455 619 agis
478 569 683 599 mecum.

569 640 595 671 C
632 639 667 672 A
702 639 731 672 L
768 640 799 672 L
836 640 857 672 1
893 637 921 672 C
958 640 988 673 L
1025 639 1056 673 E
1098 640 1139 675 S·

450 701 627 746 Filium
648 700 783 746 istinc
802 711 942 746 tuum
967 712 1015 747 te
1032 701 1183 748 meliu
1198 701 1253 747 ’st
1273 713 1498 764 repetere.

209 777 435 824 Ceterum
446 810 459 832 ‚
475 791 699 831 uxorem,
717 791 863 835 quam
879 775 1090 836 primurn
1107 786 1267 838 potest
1278 811 1292 834 ,
1310 771 1498 824 abdilce

469 864 528 893 ex
549 848 756 894 aedibus.

207 923 311 987 Ego
331 921 452 967 adeo
470 921 567 985 jam
586 921 654 966 illi
673 921 912 967 remittam
930 922 1160 978 nuntium
1178 922 1305 968 affini
1327 938 1463 969 meo:

206 995 399 1051 Dicam,
428 1004 482 1039 ut
501 993 638 1039 aliam
659 993 991 1039 conditionem
1009 993 1108 1039 filio
1127 993 1338 1040 inveniat
1354 1010 1453 1040 suo.

566 1079 603 1111 D
641 1079 660 1111 1
698 1079 729 1110 N
768 1077 801 1109 A
839 1079 872 1111 R
909 1079 934 1111 c
972 1079 1006 1112 H
1044 1079 1079 1112 U
1114 1077 1150 1111 s.

205 1141 270 1187 At
297 1158 384 1205 ego
413 1141 472 1187 ab
497 1142 582 1186 hac
612 1156 819 1201 puerum
841 1157 1082 1204 geposcam
1100 1175 1115 1199 ‚
1142 1156 1205 1186 ne
1235 1155 1355 1186 mox
1384 1141 1492 1187 infi-

377 1234 381 1241 ¹
459 1224 542 1257 t1as
573 1223 660 1256 eat.

198 1286 336 1331 Nihil
374 1297 453 1331 est.
487 1301 599 1330 nam
627 1284 725 1345 ipsa
758 1283 873 1329 haec
904 1283 1033 1329 ultro
1055 1317 1070 1340 ,
1103 1294 1161 1329 ut
1194 1283 1375 1331 factum
1403 1285 1490 1342 ’st‚

457 1357 567 1402 fecit
595 1372 792 1402 omnem
821 1372 922 1400 rem
950 1357 1120 1417 palam.

200 1429 298 1475 Sed
324 1428 529 1474 nimium
554 1429 638 1488 pol
657 1437 934 1488 opportune
959 1443 1066 1473 ecce
1094 1427 1154 1474 ab
1179 1443 1275 1474 sese
1304 1428 1491 1495 egredi-

460 1514 540 1549 tur
567 1503 698 1548 foras.

198 1577 300 1626 Nae
330 1578 414 1624 ista
447 1578 696 1623 stimulum
727 1578 928 1640 longum'
961 1575 1106 1624 habet
1125 1611 1139 1635 ‚
1178 1593 1302 1640 quae
1333 1593 1488 1640 usque

453 1650 583 1696 illinc
612 1667 693 1696 cor
719 1650 895 1714 pungit
918 1650 1109 1696 meum!

536 1836 940 1884 SCENA
1027 1833 1139 1880 IV.

200 1949 1481 2015 ‘PHRONESIUMssnlNARCHUSJ

541 2071 1137 2108 ASTAPHIUM.

516 2217 1183 2253 PHRONESIUM.

191 2273 482 2384 BLITEA
513 2348 560 2384 et
585 2339 715 2384 lutea
740 2348 809 2384 est
830 2349 980 2385 meret
1007 2338 1016 2348 '
1066 2373 1079 2396 ,
1106 2336 1194 2383 nisi
1214 2349 1334 2396 quae
1357 2333 1481 2394 sapit
1544 2364 1548 2365 ν

443 2413 494 2457 in
516 2411 631 2458 vino
658 2412 720 2458 ad
747 2429 849 2458 rem
876 2354 1055 2458 suan&t
1548 2399 1549 2403 Ἰ
