1630 2866
187 138 284 185 430
485 119 1147 169 TRINUMMus.
1311 139 1467 183 v.141

188 231 291 300 Qui
321 229 531 285 emisset,
569 229 666 292 ejus
702 238 879 274 essetne
912 245 965 275 ea
993 231 1228 291 pecunia?

186 305 297 352 Emi
323 315 511 368 egomet
541 302 700 364 potius
727 302 853 348 aedis
873 338 886 360 ,
918 315 1165 367 argentum
1189 306 1300 352 dedi

186 379 413 426 Thesauri
442 394 625 435 caussa,
661 388 716 423 ut
747 379 930 424 salvom
963 379 1116 424 amico
1146 379 1394 428 traderem.

185 454 359 513 Neque
386 451 504 498 adeo
533 452 667 497 hasce
694 452 791 497 emi
820 452 968 510 mihi,
998 468 1087 499 nec
1115 469 1278 501 usurae
1310 471 1471 502 meae:

185 530 262 575 Illi
288 527 469 574 redemi
499 543 706 573 rursum:
742 544 769 572 a
801 544 881 573 me
905 538 1156 591 argentum
1185 528 1310 575 dedi.

184 602 317 648 Haec
350 612 485 658 sunt,
517 617 599 646 seu
626 611 752 646 recte
767 634 781 658 ‚
805 616 887 646 seu
918 616 1142 662 pervorse
1165 600 1286 648 facta
1308 613 1439 652 sunt:
1462 605 1466 607 ’

186 676 391 738 Egomet
414 673 571 719 fecisse
601 674 834 719 confiteor
855 707 868 731 ,
896 673 1238 738 Megaronides.

187 748 317 793 Hem
344 763 449 792 mea
476 745 746 792 malefacta!
776 746 891 791 hem
916 763 1072 792 meam
1100 748 1340 798 avaritiam
1364 747 1474 800 tibi!

185 822 388 868 Hascine
422 836 500 865 me
524 831 719 881 propter
752 836 824 866 res
854 820 1105 868 maledicta
1137 821 1396 870 differunt?

476 910 1216 947 MEGARONIDES.

186 977 360 1022 Pausa!
391 975 542 1021 vicisti
575 976 894 1038 castigatorem
928 987 1097 1022 tuum:

191 1049 404 1095 Occlusti
430 1049 669 1111 linguam:
702 1048 820 1092 nihil
849 1059 915 1093 est
933 1082 947 1104 ,
975 1050 1060 1108 qui
1081 1045 1409 1109 respondeam.
1460 1099 1468 1103 ,

546 1141 573 1172 c
611 1113 645 1173 A
682 1140 712 1172 L
748 1140 778 1171 L
814 1140 835 1172 1
874 1140 900 1172 c
940 1140 971 1175 1.
1006 1141 1037 1175 E
1076 1140 1114 1174 s,

190 1203 331 1250 Nunc
366 1219 453 1267 ego
490 1214 537 1248 te
573 1217 746 1262 quaeso
768 1235 781 1257 ‚
825 1211 879 1246 ut
914 1218 992 1246 me
1023 1217 1165 1262 opera
1199 1211 1247 1248 et
1282 1199 1476 1247 consilio

433 1293 572 1339 juves
591 1310 605 1333 ‚

190 1349 607 1411 Conmunicesque
631 1351 753 1396 hanc
771 1365 966 1396 mecum
993 1365 1150 1394 meam
1169 1345 1474 1410 provinciam.

476 1440 1216 1477 MEGARONIDES.

189 1506 420 1552 Polliceor
453 1523 662 1568 operam.
1273 1498 1277 1500 i

550 1594 576 1626 C
616 1594 651 1626 A
690 1593 719 1625 L
758 1592 788 1625 L
826 1592 847 1625 I
887 1593 913 1626 C
951 1594 981 1626 L
1018 1593 1048 1626 E
1086 1592 1124 1626 S.

665 1653 789 1717 Ergo
807 1654 892 1699 ubi
910 1653 994 1699 eris
1013 1653 1158 1715 paulo
1177 1652 1316 1714 post?

481 1736 1215 1774 MEGARONIDES.

1313 1790 1476 1840 Domi.

548 1869 1110 1903 CALLICLEs.
1426 1880 1457 1905 s»

191 1932 446 1994 Numquid
475 1932 579 1979 vis?

486 2013 1221 2058 MEGARONIDES.

600 2080 744 2126 Cures
770 2091 904 2126 tuam
926 2079 1085 2125 fidem.

551 2167 578 2199 c
615 2167 651 2200 A
688 2167 718 2199 L
754 2166 785 2200 Ι,
821 2167 842 2199 1
879 2166 906 2198 c
942 2164 973 2198 1.
1009 2165 1039 2197 Ε
1077 2162 1118 2197 s.

1106 2217 1382 2267 Fitsedulo.

371 2327 375 2330 ·
483 2305 1208 2344 MEGARONIDES.

191 2369 562 2432 Sedquidais?
