<?xml version="1.0" encoding="UTF-8"?>
<!DOCTYPE html PUBLIC "-//W3C//DTD XHTML 1.0 Transitional//EN"
    "http://www.w3.org/TR/xhtml1/DTD/xhtml1-transitional.dtd">
<html xmlns="http://www.w3.org/1999/xhtml" xml:lang="en" lang="en">
 <head>
  <title>
</title>
<meta http-equiv="Content-Type" content="text/html;charset=utf-8" />
  <meta name='ocr-system' content='tesseract 3.04.00' />
  <meta name='ocr-capabilities' content='ocr_page ocr_carea ocr_par ocr_line ocrx_word'/>
</head>
<body>
  <div class='ocr_page' id='page_1' title='image "./comoediaesuperst03plauuoft_0580.png"; bbox 0 0 1598 2814; ppageno 0'>
   <div class='ocr_carea' id='block_1_1' title="bbox 160 153 1439 226">
    <p class='ocr_par' dir='ltr' id='par_1_1' title="bbox 160 153 1439 226">
     <span class='ocr_line' id='line_1_1' title="bbox 160 153 1439 226; baseline -0.003 -11"><span class='ocrx_word' id='word_1_1' title='bbox 160 168 253 215; x_wconf 77' lang='lat'>574</span> <span class='ocrx_word' id='word_1_2' title='bbox 385 153 1201 209; x_wconf 86' lang='lat' dir='ltr'>TRUCULENTUS.</span> <span class='ocrx_word' id='word_1_3' title='bbox 1315 181 1439 226; x_wconf 82' lang='lat' dir='ltr'>v.45</span> 
     </span>
    </p>
   </div>
   <div class='ocr_carea' id='block_1_2' title="bbox 154 264 1437 383">
    <p class='ocr_par' dir='ltr' id='par_1_2' title="bbox 154 264 1437 383">
     <span class='ocr_line' id='line_1_2' title="bbox 154 264 1437 334; baseline 0.007 -24"><span class='ocrx_word' id='word_1_4' title='bbox 154 265 254 313; x_wconf 57' lang='lat' dir='ltr'>Re&amp;</span> <span class='ocrx_word' id='word_1_5' title='bbox 274 264 431 326; x_wconf 85' lang='lat' dir='ltr'>palam</span> <span class='ocrx_word' id='word_1_6' title='bbox 456 264 611 309; x_wconf 88' lang='lat' dir='ltr'>omnis</span> <span class='ocrx_word' id='word_1_7' title='bbox 631 275 720 311; x_wconf 92' lang='lat' dir='ltr'>est:</span> <span class='ocrx_word' id='word_1_8' title='bbox 751 282 865 312; x_wconf 89' lang='lat' dir='ltr'>meo</span> <span class='ocrx_word' id='word_1_9' title='bbox 884 266 979 314; x_wconf 82' lang='lat' dir='ltr'>illic</span> <span class='ocrx_word' id='word_1_10' title='bbox 997 284 1127 316; x_wconf 89' lang='lat' dir='ltr'>nunc</span> <span class='ocrx_word' id='word_1_11' title='bbox 1148 270 1274 318; x_wconf 90' lang='lat' dir='ltr'>fiunt</span> <span class='ocrx_word' id='word_1_12' title='bbox 1291 273 1437 334; x_wconf 85' lang='lat' dir='ltr'>capiti</span> 
     </span>
     <span class='ocr_line' id='line_1_3' title="bbox 407 348 610 383; baseline 0.005 -1"><span class='ocrx_word' id='word_1_13' title='bbox 407 348 610 383; x_wconf 80' lang='lat' dir='ltr'><strong>comma.</strong></span> 
     </span>
    </p>
   </div>
   <div class='ocr_carea' id='block_1_3' title="bbox 151 410 1446 700">
    <p class='ocr_par' dir='ltr' id='par_1_3' title="bbox 151 410 1446 700">
     <span class='ocr_line' id='line_1_4' title="bbox 151 410 1442 479; baseline 0.007 -21"><span class='ocrx_word' id='word_1_14' title='bbox 151 411 322 458; x_wconf 89' lang='lat' dir='ltr'>Meum</span> <span class='ocrx_word' id='word_1_15' title='bbox 354 411 467 457; x_wconf 90' lang='lat' dir='ltr'>illuc</span> <span class='ocrx_word' id='word_1_16' title='bbox 507 410 684 456; x_wconf 85' lang='lat' dir='ltr'>facinus</span> <span class='ocrx_word' id='word_1_17' title='bbox 703 445 717 469; x_wconf 89' lang='lat'>,</span> <span class='ocrx_word' id='word_1_18' title='bbox 761 429 868 458; x_wconf 86' lang='lat' dir='ltr'>mea</span> <span class='ocrx_word' id='word_1_19' title='bbox 905 415 1104 462; x_wconf 83' lang='lat' dir='ltr'>stultitia</span> <span class='ocrx_word' id='word_1_20' title='bbox 1139 428 1220 464; x_wconf 82' lang='lat' dir='ltr'>est.</span> <span class='ocrx_word' id='word_1_21' title='bbox 1257 418 1407 466; x_wconf 90' lang='lat' dir='ltr'>timeo</span> <span class='ocrx_word' id='word_1_22' title='bbox 1425 453 1442 479; x_wconf 87' lang='lat'>,</span> 
     </span>
     <span class='ocr_line' id='line_1_5' title="bbox 412 499 974 545; baseline 0.009 -16"><span class='ocrx_word' id='word_1_23' title='bbox 412 499 559 545; x_wconf 89' lang='lat' dir='ltr'>quam</span> <span class='ocrx_word' id='word_1_24' title='bbox 592 500 713 531; x_wconf 84' lang='lat' dir='ltr'>mox</span> <span class='ocrx_word' id='word_1_25' title='bbox 739 501 974 534; x_wconf 88' lang='lat' dir='ltr'>normner.</span> 
     </span>
     <span class='ocr_line' id='line_1_6' title="bbox 510 571 1074 620; baseline 0.009 -16"><span class='ocrx_word' id='word_1_26' title='bbox 510 571 537 604; x_wconf 90' lang='lat' dir='ltr'>c</span> <span class='ocrx_word' id='word_1_27' title='bbox 578 571 610 604; x_wconf 89' lang='lat' dir='ltr'>A</span> <span class='ocrx_word' id='word_1_28' title='bbox 646 571 677 604; x_wconf 98' lang='lat' dir='ltr'>L</span> <span class='ocrx_word' id='word_1_29' title='bbox 714 571 744 620; x_wconf 94' lang='lat' dir='ltr'>L</span> <span class='ocrx_word' id='word_1_30' title='bbox 779 573 800 605; x_wconf 94' lang='lat'>1</span> <span class='ocrx_word' id='word_1_31' title='bbox 838 574 865 606; x_wconf 88' lang='lat' dir='ltr'>c</span> <span class='ocrx_word' id='word_1_32' title='bbox 900 574 930 607; x_wconf 99' lang='lat' dir='ltr'>L</span> <span class='ocrx_word' id='word_1_33' title='bbox 967 574 998 607; x_wconf 83' lang='lat' dir='ltr'><strong>E</strong></span> <span class='ocrx_word' id='word_1_34' title='bbox 1034 573 1074 609; x_wconf 80' lang='lat' dir='ltr'>S.</span> 
     </span>
     <span class='ocr_line' id='line_1_7' title="bbox 151 630 1446 700; baseline 0.006 -24"><span class='ocrx_word' id='word_1_35' title='bbox 151 630 394 692; x_wconf 81' lang='lat' dir='ltr'><strong>Loquere,</strong></span> <span class='ocrx_word' id='word_1_36' title='bbox 415 631 561 678; x_wconf 88' lang='lat' dir='ltr'>filiam</span> <span class='ocrx_word' id='word_1_37' title='bbox 583 649 742 679; x_wconf 88' lang='lat' dir='ltr'>meam</span> <span class='ocrx_word' id='word_1_38' title='bbox 761 633 868 694; x_wconf 87' lang='lat' dir='ltr'>quis</span> <span class='ocrx_word' id='word_1_39' title='bbox 887 634 1120 700; x_wconf 80' lang='lat' dir='ltr'>integram</span> <span class='ocrx_word' id='word_1_40' title='bbox 1137 636 1446 699; x_wconf 82' lang='lat' dir='ltr'>stupraverit?</span> 
     </span>
    </p>
   </div>
   <div class='ocr_carea' id='block_1_4' title="bbox 146 729 1470 1794">
    <p class='ocr_par' dir='ltr' id='par_1_4' title="bbox 146 729 1470 1794">
     <span class='ocr_line' id='line_1_8' title="bbox 547 729 1022 764; baseline 0.005 -2.139"><span class='ocrx_word' id='word_1_41' title='bbox 547 731 612 763; x_wconf 94' lang='lat' dir='ltr'>·A</span> <span class='ocrx_word' id='word_1_42' title='bbox 650 730 682 762; x_wconf 79' lang='lat' dir='ltr'>N</span> <span class='ocrx_word' id='word_1_43' title='bbox 719 730 747 762; x_wconf 89' lang='lat' dir='ltr'>C</span> <span class='ocrx_word' id='word_1_44' title='bbox 782 729 804 762; x_wconf 91' lang='lat' dir='ltr'>I</span> <span class='ocrx_word' id='word_1_45' title='bbox 840 729 871 763; x_wconf 90' lang='lat' dir='ltr'>L</span> <span class='ocrx_word' id='word_1_46' title='bbox 905 730 936 763; x_wconf 92' lang='lat' dir='ltr'>L</span> <span class='ocrx_word' id='word_1_47' title='bbox 974 730 1022 764; x_wconf 83' lang='lat' dir='ltr'>A·</span> 
     </span>
     <span class='ocr_line' id='line_1_9' title="bbox 148 790 1445 857; baseline 0.003 -20"><span class='ocrx_word' id='word_1_48' title='bbox 148 790 307 838; x_wconf 89' lang='lat' dir='ltr'>Video</span> <span class='ocrx_word' id='word_1_49' title='bbox 341 807 428 856; x_wconf 84' lang='lat' dir='ltr'>ego</span> <span class='ocrx_word' id='word_1_50' title='bbox 457 802 532 848; x_wconf 81' lang='lat' dir='ltr'>te,</span> <span class='ocrx_word' id='word_1_51' title='bbox 561 804 759 854; x_wconf 88' lang='lat' dir='ltr'>propter</span> <span class='ocrx_word' id='word_1_52' title='bbox 789 793 912 839; x_wconf 87' lang='lat' dir='ltr'>mala</span> <span class='ocrx_word' id='word_1_53' title='bbox 940 792 1060 840; x_wconf 80' lang='lat' dir='ltr'>facta</span> <span class='ocrx_word' id='word_1_54' title='bbox 1090 794 1179 856; x_wconf 87' lang='lat' dir='ltr'>qui</span> <span class='ocrx_word' id='word_1_55' title='bbox 1204 810 1255 841; x_wconf 88' lang='lat' dir='ltr'>es</span> <span class='ocrx_word' id='word_1_56' title='bbox 1282 805 1445 857; x_wconf 82' lang='lat' dir='ltr'>patro-</span> 
     </span>
     <span class='ocr_line' id='line_1_10' title="bbox 405 866 701 926; baseline 0.011 -17"><span class='ocrx_word' id='word_1_57' title='bbox 405 880 494 910; x_wconf 87' lang='lat' dir='ltr'>nus</span> <span class='ocrx_word' id='word_1_58' title='bbox 519 866 701 926; x_wconf 85' lang='lat' dir='ltr'>parieti.</span> 
     </span>
     <span class='ocr_line' id='line_1_11' title="bbox 500 949 1100 985; baseline 0.003 -2"><span class='ocrx_word' id='word_1_59' title='bbox 500 951 537 983; x_wconf 81' lang='lat'>1)</span> <span class='ocrx_word' id='word_1_60' title='bbox 573 951 593 983; x_wconf 94' lang='lat'>1</span> <span class='ocrx_word' id='word_1_61' title='bbox 631 952 666 984; x_wconf 80' lang='grc' dir='ltr'><strong>Ν</strong></span> <span class='ocrx_word' id='word_1_62' title='bbox 707 950 742 983; x_wconf 85' lang='grc' dir='ltr'><strong>Α</strong></span> <span class='ocrx_word' id='word_1_63' title='bbox 778 952 813 985; x_wconf 87' lang='lat' dir='ltr'>R</span> <span class='ocrx_word' id='word_1_64' title='bbox 850 951 877 984; x_wconf 91' lang='lat' dir='ltr'>c</span> <span class='ocrx_word' id='word_1_65' title='bbox 915 950 951 984; x_wconf 81' lang='grc' dir='ltr'>Η</span> <span class='ocrx_word' id='word_1_66' title='bbox 988 950 1025 985; x_wconf 82' lang='lat' dir='ltr'>U</span> <span class='ocrx_word' id='word_1_67' title='bbox 1060 949 1100 985; x_wconf 88' lang='lat' dir='ltr'>s.</span> 
     </span>
     <span class='ocr_line' id='line_1_12' title="bbox 146 1007 1470 1075; baseline 0.004 -21"><span class='ocrx_word' id='word_1_68' title='bbox 146 1007 321 1069; x_wconf 83' lang='lat' dir='ltr'><strong>Neque</strong></span> <span class='ocrx_word' id='word_1_69' title='bbox 340 1009 477 1056; x_wconf 85' lang='lat' dir='ltr'>vivus</span> <span class='ocrx_word' id='word_1_70' title='bbox 505 1027 666 1072; x_wconf 87' lang='lat' dir='ltr'>neque</span> <span class='ocrx_word' id='word_1_71' title='bbox 692 1023 910 1058; x_wconf 86' lang='lat' dir='ltr'>mortuus</span> <span class='ocrx_word' id='word_1_72' title='bbox 932 1028 1064 1059; x_wconf 88' lang='lat' dir='ltr'>sum·</span> <span class='ocrx_word' id='word_1_73' title='bbox 1095 1027 1286 1075; x_wconf 86' lang='lat' dir='ltr'>neque,</span> <span class='ocrx_word' id='word_1_74' title='bbox 1315 1012 1439 1074; x_wconf 90' lang='lat' dir='ltr'>quid</span> <span class='ocrx_word' id='word_1_75' title='bbox 1463 1043 1470 1047; x_wconf 93' lang='lat'>-</span> 
     </span>
     <span class='ocr_line' id='line_1_13' title="bbox 411 1083 1468 1142; baseline 0.007 -14"><span class='ocrx_word' id='word_1_76' title='bbox 411 1100 542 1129; x_wconf 88' lang='lat' dir='ltr'>nunc</span> <span class='ocrx_word' id='word_1_77' title='bbox 571 1084 764 1142; x_wconf 85' lang='lat' dir='ltr'>faciam,</span> <span class='ocrx_word' id='word_1_78' title='bbox 784 1085 893 1131; x_wconf 88' lang='lat' dir='ltr'>scio.</span> <span class='ocrx_word' id='word_1_79' title='bbox 1465 1083 1468 1085; x_wconf 38' lang='lat'><strong><em>¹</em></strong></span> 
     </span>
     <span class='ocr_line' id='line_1_14' title="bbox 148 1156 1444 1219; baseline 0.002 -16"><span class='ocrx_word' id='word_1_80' title='bbox 148 1156 323 1218; x_wconf 84' lang='lat' dir='ltr'>Neque</span> <span class='ocrx_word' id='word_1_81' title='bbox 357 1169 413 1202; x_wconf 92' lang='lat' dir='ltr'>ut</span> <span class='ocrx_word' id='word_1_82' title='bbox 444 1158 556 1202; x_wconf 89' lang='lat' dir='ltr'>hinc</span> <span class='ocrx_word' id='word_1_83' title='bbox 590 1159 784 1216; x_wconf 83' lang='lat' dir='ltr'>abeam,</span> <span class='ocrx_word' id='word_1_84' title='bbox 819 1174 980 1219; x_wconf 90' lang='lat' dir='ltr'>neque</span> <span class='ocrx_word' id='word_1_85' title='bbox 1004 1170 1060 1207; x_wconf 88' lang='lat' dir='ltr'>ut</span> <span class='ocrx_word' id='word_1_86' title='bbox 1087 1158 1218 1206; x_wconf 91' lang='lat' dir='ltr'>hunc</span> <span class='ocrx_word' id='word_1_87' title='bbox 1245 1158 1444 1218; x_wconf 85' lang='lat' dir='ltr'>adeam,</span> 
     </span>
     <span class='ocr_line' id='line_1_15' title="bbox 416 1232 959 1294; baseline 0.004 -18"><span class='ocrx_word' id='word_1_88' title='bbox 416 1232 541 1276; x_wconf 86' lang='lat' dir='ltr'>scio:</span> <span class='ocrx_word' id='word_1_89' title='bbox 579 1232 754 1280; x_wconf 86' lang='lat' dir='ltr'>timore</span> <span class='ocrx_word' id='word_1_90' title='bbox 777 1245 959 1294; x_wconf 87' lang='lat' dir='ltr'><strong>torpeo.</strong></span> 
     </span>
     <span class='ocr_line' id='line_1_16' title="bbox 509 1316 1078 1384; baseline 0.005 -35"><span class='ocrx_word' id='word_1_91' title='bbox 509 1317 535 1349; x_wconf 95' lang='lat' dir='ltr'>C</span> <span class='ocrx_word' id='word_1_92' title='bbox 574 1317 608 1350; x_wconf 91' lang='lat' dir='ltr'>A</span> <span class='ocrx_word' id='word_1_93' title='bbox 643 1319 673 1353; x_wconf 90' lang='lat' dir='ltr'>L</span> <span class='ocrx_word' id='word_1_94' title='bbox 708 1319 740 1353; x_wconf 93' lang='lat' dir='ltr'>L</span> <span class='ocrx_word' id='word_1_95' title='bbox 777 1319 799 1352; x_wconf 90' lang='grc' dir='ltr'>Ι</span> <span class='ocrx_word' id='word_1_96' title='bbox 837 1319 865 1352; x_wconf 92' lang='lat' dir='ltr'>C</span> <span class='ocrx_word' id='word_1_97' title='bbox 907 1318 939 1352; x_wconf 90' lang='lat' dir='ltr'>L</span> <span class='ocrx_word' id='word_1_98' title='bbox 973 1317 1005 1384; x_wconf 75' lang='lat' dir='ltr'>E,</span> <span class='ocrx_word' id='word_1_99' title='bbox 1041 1316 1078 1352; x_wconf 84' lang='lat' dir='ltr'>S·</span> 
     </span>
     <span class='ocr_line' id='line_1_17' title="bbox 152 1374 577 1434; baseline -0.002 -11"><span class='ocrx_word' id='word_1_100' title='bbox 152 1374 328 1434; x_wconf 83' lang='lat' dir='ltr'>Dicin&#39;‚</span> <span class='ocrx_word' id='word_1_101' title='bbox 348 1392 407 1421; x_wconf 86' lang='lat' dir='ltr'>an</span> <span class='ocrx_word' id='word_1_102' title='bbox 438 1378 577 1423; x_wconf 80' lang='lat' dir='ltr'>non?</span> 
     </span>
     <span class='ocr_line' id='line_1_18' title="bbox 578 1464 1027 1502; baseline 0.004 -4"><span class='ocrx_word' id='word_1_103' title='bbox 578 1465 612 1498; x_wconf 92' lang='lat' dir='ltr'>A</span> <span class='ocrx_word' id='word_1_104' title='bbox 647 1466 683 1499; x_wconf 80' lang='grc' dir='ltr'>Ν</span> <span class='ocrx_word' id='word_1_105' title='bbox 720 1464 747 1498; x_wconf 89' lang='lat' dir='ltr'>c</span> <span class='ocrx_word' id='word_1_106' title='bbox 787 1467 807 1499; x_wconf 93' lang='lat'>1</span> <span class='ocrx_word' id='word_1_107' title='bbox 844 1467 874 1502; x_wconf 88' lang='lat' dir='ltr'>L</span> <span class='ocrx_word' id='word_1_108' title='bbox 910 1466 942 1500; x_wconf 87' lang='lat' dir='ltr'>L</span> <span class='ocrx_word' id='word_1_109' title='bbox 980 1468 1027 1501; x_wconf 84' lang='lat' dir='ltr'>A.</span> 
     </span>
     <span class='ocr_line' id='line_1_19' title="bbox 266 1525 1449 1592; baseline 0.006 -20"><span class='ocrx_word' id='word_1_110' title='bbox 266 1525 533 1573; x_wconf 84' lang='lat' dir='ltr'>Dinarchus</span> <span class='ocrx_word' id='word_1_111' title='bbox 550 1560 563 1583; x_wconf 93' lang='lat'><strong>,</strong></span> <span class='ocrx_word' id='word_1_112' title='bbox 602 1526 721 1587; x_wconf 86' lang='lat' dir='ltr'>quoi</span> <span class='ocrx_word' id='word_1_113' title='bbox 743 1527 871 1574; x_wconf 84' lang='lat' dir='ltr'>illam</span> <span class='ocrx_word' id='word_1_114' title='bbox 894 1527 1024 1589; x_wconf 77' lang='lat' dir='ltr'>ptius</span> <span class='ocrx_word' id='word_1_115' title='bbox 1051 1527 1449 1592; x_wconf 81' lang='lat' dir='ltr'>despoponderas.</span> 
     </span>
     <span class='ocr_line' id='line_1_20' title="bbox 514 1611 1079 1648; baseline 0.007 -4"><span class='ocrx_word' id='word_1_116' title='bbox 514 1613 540 1644; x_wconf 89' lang='lat' dir='ltr'>c</span> <span class='ocrx_word' id='word_1_117' title='bbox 578 1611 614 1644; x_wconf 90' lang='lat' dir='ltr'>A</span> <span class='ocrx_word' id='word_1_118' title='bbox 649 1613 679 1645; x_wconf 92' lang='lat' dir='ltr'>L</span> <span class='ocrx_word' id='word_1_119' title='bbox 716 1613 746 1645; x_wconf 93' lang='lat' dir='ltr'>L</span> <span class='ocrx_word' id='word_1_120' title='bbox 782 1613 803 1645; x_wconf 94' lang='lat'>1</span> <span class='ocrx_word' id='word_1_121' title='bbox 840 1614 867 1646; x_wconf 88' lang='lat' dir='ltr'>c</span> <span class='ocrx_word' id='word_1_122' title='bbox 903 1613 934 1646; x_wconf 95' lang='lat' dir='ltr'>L</span> <span class='ocrx_word' id='word_1_123' title='bbox 970 1614 1002 1647; x_wconf 82' lang='lat' dir='ltr'><strong>E</strong></span> <span class='ocrx_word' id='word_1_124' title='bbox 1039 1613 1079 1648; x_wconf 90' lang='lat' dir='ltr'>s.</span> 
     </span>
     <span class='ocr_line' id='line_1_21' title="bbox 151 1670 968 1734; baseline -0.002 -13"><span class='ocrx_word' id='word_1_125' title='bbox 151 1674 249 1721; x_wconf 85' lang='lat' dir='ltr'>Ubi</span> <span class='ocrx_word' id='word_1_126' title='bbox 274 1670 487 1720; x_wconf 87' lang='lat' dir='ltr'>is&#39;homo</span> <span class='ocrx_word' id='word_1_127' title='bbox 520 1683 617 1730; x_wconf 86' lang='lat' dir='ltr'>est,</span> <span class='ocrx_word' id='word_1_128' title='bbox 650 1689 800 1734; x_wconf 88' lang='lat' dir='ltr'>quem</span> <span class='ocrx_word' id='word_1_129' title='bbox 825 1671 968 1720; x_wconf 85' lang='lat' dir='ltr'>dicis?</span> 
     </span>
     <span class='ocr_line' id='line_1_22' title="bbox 510 1758 1100 1794; baseline -0.005 0"><span class='ocrx_word' id='word_1_130' title='bbox 510 1760 547 1794; x_wconf 88' lang='lat' dir='ltr'>D</span> <span class='ocrx_word' id='word_1_131' title='bbox 585 1759 606 1791; x_wconf 96' lang='lat'>1</span> <span class='ocrx_word' id='word_1_132' title='bbox 641 1758 674 1792; x_wconf 80' lang='lat' dir='ltr'>N</span> <span class='ocrx_word' id='word_1_133' title='bbox 711 1758 745 1791; x_wconf 89' lang='lat' dir='ltr'>A</span> <span class='ocrx_word' id='word_1_134' title='bbox 780 1759 816 1793; x_wconf 81' lang='lat' dir='ltr'>R</span> <span class='ocrx_word' id='word_1_135' title='bbox 851 1759 879 1792; x_wconf 93' lang='lat' dir='ltr'>C</span> <span class='ocrx_word' id='word_1_136' title='bbox 918 1759 953 1794; x_wconf 82' lang='lat' dir='ltr'>H</span> <span class='ocrx_word' id='word_1_137' title='bbox 990 1759 1027 1793; x_wconf 86' lang='lat' dir='ltr'>U</span> <span class='ocrx_word' id='word_1_138' title='bbox 1062 1759 1100 1794; x_wconf 91' lang='lat' dir='ltr'>S.</span> 
     </span>
    </p>
   </div>
   <div class='ocr_carea' id='block_1_5' title="bbox 540 1818 1441 1881">
    <p class='ocr_par' dir='ltr' id='par_1_5' title="bbox 540 1807 1548 1881">
     <span class='ocr_line' id='line_1_23' title="bbox 540 1818 1441 1881; baseline 0.003 -17"><span class='ocrx_word' id='word_1_139' title='bbox 540 1818 756 1875; x_wconf 84' lang='lat' dir='ltr'><strong>Adsum,</strong></span> <span class='ocrx_word' id='word_1_140' title='bbox 786 1818 1009 1865; x_wconf 87' lang='lat' dir='ltr'>Callicles.</span> <span class='ocrx_word' id='word_1_141' title='bbox 1036 1835 1122 1881; x_wconf 83' lang='lat' dir='ltr'>per</span> <span class='ocrx_word' id='word_1_142' title='bbox 1139 1830 1222 1871; x_wconf 80' lang='lat' dir='ltr'>tua</span> <span class='ocrx_word' id='word_1_143' title='bbox 1242 1821 1441 1874; x_wconf 77' lang='lat' dir='ltr'>obsecro</span> 
     </span>
    </p>
   </div>
   <div class='ocr_carea' id='block_1_6' title="bbox 155 1890 1447 2467">
    <p class='ocr_par' dir='ltr' id='par_1_6' title="bbox 155 1890 1439 2022">
     <span class='ocr_line' id='line_1_24' title="bbox 155 1890 1439 1956; baseline 0.002 -19"><span class='ocrx_word' id='word_1_144' title='bbox 155 1892 353 1950; x_wconf 83' lang='lat' dir='ltr'>Genua,</span> <span class='ocrx_word' id='word_1_145' title='bbox 392 1901 449 1938; x_wconf 89' lang='lat' dir='ltr'>ut</span> <span class='ocrx_word' id='word_1_146' title='bbox 474 1901 532 1937; x_wconf 90' lang='lat' dir='ltr'>tu</span> <span class='ocrx_word' id='word_1_147' title='bbox 562 1891 682 1937; x_wconf 86' lang='lat' dir='ltr'>istuc</span> <span class='ocrx_word' id='word_1_148' title='bbox 698 1890 974 1952; x_wconf 82' lang='lat' dir='ltr'>insipienter</span> <span class='ocrx_word' id='word_1_149' title='bbox 1002 1891 1184 1941; x_wconf 86' lang='lat' dir='ltr'>factum</span> <span class='ocrx_word' id='word_1_150' title='bbox 1206 1893 1439 1956; x_wconf 82' lang='lat' dir='ltr'>saplenter</span> 
     </span>
     <span class='ocr_line' id='line_1_25' title="bbox 410 1964 556 2022; baseline 0 -12"><span class='ocrx_word' id='word_1_151' title='bbox 410 1964 525 2011; x_wconf 85' lang='lat' dir='ltr'>feras</span> <span class='ocrx_word' id='word_1_152' title='bbox 541 1998 556 2022; x_wconf 90' lang='lat'>,</span> 
     </span>
    </p>

    <p class='ocr_par' dir='ltr' id='par_1_7' title="bbox 155 2038 1447 2159">
     <span class='ocr_line' id='line_1_26' title="bbox 155 2038 1447 2103; baseline 0 -17"><span class='ocrx_word' id='word_1_153' title='bbox 155 2039 376 2101; x_wconf 84' lang='lat' dir='ltr'>Mihique</span> <span class='ocrx_word' id='word_1_154' title='bbox 414 2040 647 2103; x_wconf 83' lang='lat' dir='ltr'>ignoscas,</span> <span class='ocrx_word' id='word_1_155' title='bbox 676 2038 811 2101; x_wconf 92' lang='lat' dir='ltr'>quod</span> <span class='ocrx_word' id='word_1_156' title='bbox 847 2039 995 2087; x_wconf 83' lang='lat' dir='ltr'>animi</span> <span class='ocrx_word' id='word_1_157' title='bbox 1031 2041 1169 2103; x_wconf 75' lang='lat' dir='ltr'>inpos</span> <span class='ocrx_word' id='word_1_158' title='bbox 1198 2040 1299 2089; x_wconf 87' lang='lat' dir='ltr'>vini</span> <span class='ocrx_word' id='word_1_159' title='bbox 1330 2041 1447 2088; x_wconf 89' lang='lat' dir='ltr'>vitio</span> 
     </span>
     <span class='ocr_line' id='line_1_27' title="bbox 410 2112 618 2159; baseline 0 -1"><span class='ocrx_word' id='word_1_160' title='bbox 410 2112 618 2159; x_wconf 86' lang='lat' dir='ltr'>fecerim.</span> 
     </span>
    </p>

    <p class='ocr_par' dir='ltr' id='par_1_8' title="bbox 515 2182 1077 2234">
     <span class='ocr_line' id='line_1_28' title="bbox 515 2182 1077 2234; baseline -0.004 -1"><span class='ocrx_word' id='word_1_161' title='bbox 515 2201 542 2233; x_wconf 92' lang='lat' dir='ltr'>c</span> <span class='ocrx_word' id='word_1_162' title='bbox 579 2199 614 2232; x_wconf 90' lang='lat' dir='ltr'>A</span> <span class='ocrx_word' id='word_1_163' title='bbox 648 2198 679 2232; x_wconf 92' lang='lat' dir='ltr'>L</span> <span class='ocrx_word' id='word_1_164' title='bbox 716 2198 748 2231; x_wconf 95' lang='lat' dir='ltr'>L</span> <span class='ocrx_word' id='word_1_165' title='bbox 783 2197 805 2231; x_wconf 93' lang='lat'>1</span> <span class='ocrx_word' id='word_1_166' title='bbox 842 2198 870 2231; x_wconf 86' lang='lat' dir='ltr'>c</span> <span class='ocrx_word' id='word_1_167' title='bbox 906 2198 938 2232; x_wconf 93' lang='lat' dir='ltr'>L</span> <span class='ocrx_word' id='word_1_168' title='bbox 972 2197 1003 2231; x_wconf 84' lang='lat' dir='ltr'>E</span> <span class='ocrx_word' id='word_1_169' title='bbox 1032 2182 1077 2234; x_wconf 71' lang='grc' dir='ltr'>ἐ.</span> 
     </span>
    </p>

    <p class='ocr_par' dir='ltr' id='par_1_9' title="bbox 159 2254 1445 2393">
     <span class='ocr_line' id='line_1_29' title="bbox 159 2254 1445 2322; baseline 0.001 -19"><span class='ocrx_word' id='word_1_170' title='bbox 159 2258 273 2306; x_wconf 87' lang='lat' dir='ltr'>Non</span> <span class='ocrx_word' id='word_1_171' title='bbox 307 2261 473 2322; x_wconf 84' lang='lat' dir='ltr'>places.</span> <span class='ocrx_word' id='word_1_172' title='bbox 509 2260 562 2306; x_wconf 89' lang='lat' dir='ltr'>in</span> <span class='ocrx_word' id='word_1_173' title='bbox 598 2270 795 2305; x_wconf 88' lang='lat' dir='ltr'>mutum</span> <span class='ocrx_word' id='word_1_174' title='bbox 827 2259 1018 2321; x_wconf 88' lang='lat' dir='ltr'>culpam</span> <span class='ocrx_word' id='word_1_175' title='bbox 1053 2257 1268 2315; x_wconf 82' lang='lat' dir='ltr'>confers,</span> <span class='ocrx_word' id='word_1_176' title='bbox 1309 2254 1445 2316; x_wconf 89' lang='lat' dir='ltr'>quod</span> 
     </span>
     <span class='ocr_line' id='line_1_30' title="bbox 413 2332 769 2393; baseline 0.003 -16"><span class='ocrx_word' id='word_1_177' title='bbox 413 2333 585 2393; x_wconf 91' lang='lat' dir='ltr'>nequit</span> <span class='ocrx_word' id='word_1_178' title='bbox 618 2332 769 2393; x_wconf 89' lang='lat' dir='ltr'>loqui.</span> 
     </span>
    </p>

    <p class='ocr_par' dir='ltr' id='par_1_10' title="bbox 165 2398 1400 2467">
     <span class='ocr_line' id='line_1_31' title="bbox 165 2398 1400 2467; baseline 0 -18"><span class='ocrx_word' id='word_1_179' title='bbox 165 2402 289 2449; x_wconf 86' lang='lat' dir='ltr'>Nam</span> <span class='ocrx_word' id='word_1_180' title='bbox 311 2405 479 2452; x_wconf 86' lang='lat' dir='ltr'>vinum</span> <span class='ocrx_word' id='word_1_181' title='bbox 497 2441 511 2465; x_wconf 82' lang='lat'>‚</span> <span class='ocrx_word' id='word_1_182' title='bbox 543 2405 580 2452; x_wconf 89' lang='lat' dir='ltr'>si</span> <span class='ocrx_word' id='word_1_183' title='bbox 603 2404 799 2452; x_wconf 85' lang='lat' dir='ltr'>fabulari</span> <span class='ocrx_word' id='word_1_184' title='bbox 823 2415 980 2467; x_wconf 86' lang='lat' dir='ltr'>posset</span> <span class='ocrx_word' id='word_1_185' title='bbox 994 2437 1011 2463; x_wconf 85' lang='lat'><strong>,</strong></span> <span class='ocrx_word' id='word_1_186' title='bbox 1039 2420 1087 2451; x_wconf 83' lang='lat' dir='ltr'>se</span> <span class='ocrx_word' id='word_1_187' title='bbox 1113 2398 1400 2463; x_wconf 76' lang='lat' dir='ltr'>defenderet-</span> 
     </span>
    </p>
   </div>
   <div class='ocr_carea' id='block_1_7' title="bbox 1537 523 1598 2814">
    <p class='ocr_par' dir='ltr' id='par_1_11' title="bbox 1537 523 1598 2814">
     <span class='ocr_line' id='line_1_32' title="bbox 1537 523 1598 2814; baseline 0 0"><span class='ocrx_word' id='word_1_188' title='bbox 1537 523 1598 2814; x_wconf 95' lang='lat' dir='ltr'> </span> 
     </span>
    </p>
   </div>
  </div>
 </body>
</html>
