1630 2866
182 198 240 248 14
530 186 1106 238 POENULUS.
1339 208 1473 257 *253

605 309 649 342 M
685 309 704 342 1
740 309 771 342 L
808 310 836 343 P
875 309 911 342 H
946 309 967 342 1
1005 310 1055 344 o.

178 370 390 435 Rogato‚
424 386 577 417 servos
606 371 851 418 veneritne
880 370 940 415 ad
973 386 1086 417 eum
1120 381 1238 419 tuus.

177 444 265 489 Ille
297 461 375 490 me
408 443 820 505 censebit-quaeri.
845 442 1078 489 continuo
1104 443 1195 490 tibi

177 516 394 579 Negabit.
430 514 550 576 quid
582 526 637 560 tu
672 515 858 561 dubitas
875 548 888 571 ‚
920 515 1041 575 quin
1076 518 1358 579 extempulo

176 589 330 650 Dupli
356 589 444 635 tibi
475 589 576 634 auri
602 600 650 634 et
683 589 890 635 hominis
919 588 997 636 fur
1025 590 1139 637 leno
1172 591 1292 637 siet?

178 663 351 724 Neque
374 663 425 708 id
444 663 578 710 unde
598 664 762 708 efficiat
777 697 790 720 ‚
812 663 969 709 habet.
992 663 1078 710 ubi
1102 664 1154 710 in
1168 665 1246 729 jus
1262 665 1468 732 venerit,

174 738 385 784 Addicet
408 737 610 783 ‘Praetor
644 736 872 783 familiam
902 748 1056 784 totam
1090 739 1211 786 tibi:

174 813 246 858 Ita
275 811 564 871 decipiemus
593 811 731 858 fovea
765 813 996 859 lenonem
1023 812 1224 875 Lycum.

438 881 1238 935 AGoRAsTocLEs.

173 959 332 1006 Placet
359 958 623 1005 consilium.

589 1034 634 1066 M
669 1034 689 1066 1
726 1035 756 1067 L
789 1035 820 1068 -P
856 1035 891 1068 Η
926 1038 947 1069 1
987 1038 1035 1071 o.

640 1093 798 1140 Immo
834 1095 975 1142 etiam
991 1131 1005 1155 ,
1042 1095 1128 1143 ubi
1160 1098 1432 1160 expolivero
1449 1132 1466 1159 ,

172 1165 319 1230 Magis
330 1165 422 1211 hoc
441 1176 548 1212 tum
568 1165 768 1212 demum
787 1166 933 1215 dices:
953 1185 1084 1216 nunc
1099 1170 1241 1217 etiam
1254 1172 1378 1218 rude
1391 1173 1459 1221 ’st.

429 1259 1228 1297 AGORASTOCLES.

172 1320 275 1383 Ego
293 1319 343 1364 in
363 1319 533 1365 aedem
551 1319 749 1366 Veneris
774 1336 858 1378 eo,
880 1321 969 1367 nisi
990 1323 1112 1384 quid
1129 1324 1224 1385 vis,
1243 1323 1463 1388 Milphio.

169 1389 452 1452 Aphrodisia
475 1391 623 1438 hodie
655 1403 776 1438 sunt.

593 1477 638 1510 M
672 1479 693 1510 1
729 1479 760 1511 L
790 1479 819 1511 P
856 1478 891 1512 Η
926 1480 947 1513 1
986 1479 1036 1513 Ο.

814 1537 921 1585 Scio
954 1539 1061 1585 hoc.

428 1621 1224 1659 AGORASTOCLES.

1071 1684 1396 1731 Oculosvolo

166 1757 301 1804 Meos
335 1754 565 1801 delectare
596 1757 847 1804 munditiis
873 1759 1161 1807 meretriciis.

583 1852 625 1884 M
657 1851 682 1882 n1
718 1851 748 1884 L
782 1851 816 1885 -P
852 1852 887 1885 H
921 1853 942 1884 1
979 1852 1024 1885 ο.

166 1914 274 1959 Hoc
304 1913 755 1976 primumagamus,
785 1914 922 1973 quod
950 1914 1202 1960 consilium
1226 1916 1454 1978 cepimuss

162 1986 401 2032 Abeamus
433 1986 589 2043 intro,
631 1997 686 2031 ut
707 1986 1045 2049 Collybiscum
1074 1989 1289 2036 villicum

163 2060 299 2105 Hanc
326 2059 672 2121 perdoceamus
703 2070 759 2105 ut
787 2060 911 2106 ‘ferat
936 2061 1175 2109 fallaciam.

415 2145 1199 2184 AGORASTOCLES.

164 2207 476 2275 Quamquam
500 2206 692 2269 Cupido
725 2208 776 2254 in
807 2209 952 2256 corde
984 2222 1227 2271 vorsatur,
1254 2222 1423 2259 tamen,

160 2278 275 2326 Tibi
307 2279 594 2328 auscultabo.

575 2366 619 2402 M
654 2367 675 2400 1
708 2367 739 2400 L
777 2369 806 2402 P
842 2368 876 2401 H
912 2369 932 2401 1
974 2369 1024 2403 0.

621 2428 834 2488 Faciam,
867 2441 922 2478 ut
954 2429 1075 2476 facto
1100 2429 1312 2494 gaudeas.
