1630 2866
77 212 202 260 ης
342 191 633 245 Aci-us
682 193 785 242 1v.
838 191 940 242 sc.
989 168 1131 242 vri.
1263 199 1361 258 215

526 315 564 350 Η
598 312 636 349 A
670 313 707 349 R
741 312 772 348 Ρ
805 311 843 347 A
874 312 928 347 Χ.

78 369 219 441 Quid
244 367 385 435 jam?
436 380 439 382 ’

531 445 562 478 Β
599 440 636 477 Α
668 441 700 476 1.
733 441 766 476 1.
802 442 826 476 1
863 441 912 476 0.

263 509 396 578 Quia
423 519 473 556 te
494 508 531 555 is
557 508 683 569 ipsus
712 522 873 552 coram
898 509 1112 568 praesens
1140 520 1357 567 praesen·-

530 616 533 620 -
747 590 850 626 tem
878 577 1028 626 videt.

528 666 566 700 Η
600 664 636 698 A
669 657 704 699 Β
738 665 767 698 1³
801 665 838 699 A
871 665 924 700 x.

77 720 202 768 Tun'
221 720 259 766 is
281 735 327 766 es
339 718 363 765 ?
607 747 611 751 ·

414 841 419 845 ¹
588 793 613 828 s
647 794 669 827 1
705 794 750 827 M
788 794 837 828 ο.

135 883 139 887 ·
189 855 529 918 Chlamydate‚
547 870 660 920 cave
679 855 736 899 sis
753 854 840 900 tibi
861 870 888 900 a
908 856 1042 900 curio
1059 854 1321 902 infortunio
1333 888 1352 915 ,

74 930 235 992 Atque
250 930 304 975 in
318 928 447 975 hunc
466 923 665 974 intende
688 926 917 991 digitum:
938 927 1018 974 hic
1035 929 1147 974 leno
1167 938 1247 974 est.

523 1021 555 1055 Β
588 1020 627 1055 A
659 1020 693 1054 Ι.
730 1020 765 1055 1.
798 1020 822 1053 1
859 1020 909 1054 o.

762 1078 829 1125 At
857 1078 934 1124 hic
958 1087 1028 1125 επ
1052 1080 1126 1126 vir
1156 1080 1349 1141 probus.

69 1154 167 1204 Sed
181 1166 254 1214 tu,
271 1155 402 1202 bone
415 1153 515 1210 vir,
530 1151 740 1217 flagitare
754 1168 894 1214 saepe
912 1153 1117 1198 clamore
1134 1153 1185 1197 in
1202 1151 1309 1198 foro
1324 1187 1343 1210 ,

69 1228 246 1301 Quom
278 1228 438 1275 libella
464 1234 704 1288 nusquam
735 1236 831 1285 est,
864 1226 953 1273 nisi
984 1226 1107 1289 quid
1127 1228 1240 1275 leno
1268 1227 1345 1274 hic
1382 1285 1386 1288 ᾖ

319 1302 540 1353 subvenit
561 1301 663 1348 tibi.

519 1395 555 1427 H
588 1395 624 1428 A
659 1395 695 1428 Β
727 1395 757 1428 P
795 1395 830 1428 A
865 1395 916 1430 x.

20 1476 24 1481 ·
68 1457 207 1527 Quin
228 1467 285 1503 tu
305 1471 497 1503 mecum
517 1454 760 1502 fabulare?

521 1549 552 1582 Β
587 1546 625 1582 A
658 1549 691 1582 L
727 1546 759 1581 1.
796 1547 817 1581 1
854 1549 899 1583 o.

730 1602 769 1655 F
770 1610 951 1656 abulor.
983 1610 1103 1671 quid
1125 1611 1194 1657 vis
1222 1611 1311 1657 tibi
1326 1612 1349 1658 ?

511 1703 549 1736 Η
582 1703 619 1736 A
654 1705 689 1737 R
711 1699 751 1736 'P
790 1703 825 1735 A
861 1704 913 1737 x.

70 1762 330 1830 Argentum
361 1764 568 1826 accipias.

519 1850 548 1882 B
583 1849 618 1883 A
654 1849 685 1884 1.
717 1849 750 1883 1.
787 1849 809 1883 1
846 1849 894 1884 o.

352 1910 679 1970 Jamdudum‚
712 1912 750 1958 si
775 1911 884 1971 des,
911 1912 1103 1974 porrexi
1129 1927 1347 1959 manum.

513 2005 550 2038 Η
583 2004 621 2038 A
653 2007 688 2040 Β
725 2006 756 2039 P
792 2005 829 2039 A
864 2007 915 2040 x.

69 2061 268 2125 Accipe:
299 2061 377 2108 hic
400 2075 512 2110 sunt
542 2066 760 2127 quinque
788 2068 968 2131 argenti
996 2069 1143 2115 lectae
1175 2083 1348 2116 nurne-

330 2146 454 2182 ratae
479 2153 649 2184 mmae.
1335 2180 1340 2181 ⁷

68 2210 179 2257 Hoc
206 2209 295 2255 tibi
322 2209 462 2254 herus
490 2222 568 2255 me
590 2210 726 2273 jussit
748 2211 868 2258 ferre
883 2213 1353 2276 Polymachaeropla-

325 2281 479 2338 eides,

68 2354 224 2424 Quod
253 2355 477 2412 deberet,
498 2366 645 2419 atque
674 2366 733 2404 ut
755 2368 950 2405 mecum
976 2358 1183 2405 mitteres
1198 2358 1352 2405 Phoe-

322 2443 519 2475 melum.

1046 2504 1163 2564 04
