1630 2866
225 198 299 255 42*
580 191 1159 241 POENULUS.
1387 204 1525 256 wgo

588 291 1253 347 ADvocA’rma'

227 381 307 429 An
333 397 447 427 vero
481 396 581 426 non
607 381 733 444 justa
759 397 914 427 caussa
939 382 1021 439 ’st‚
1069 397 1169 442 quo
1198 392 1407 428 curratur
1439 398 1517 429 ce·-

483 453 665 510 lerster,

228 533 322 580 Ubi
344 532 474 580 bibas
493 568 506 590 ‚
539 532 646 578 edas
673 531 734 578 de
759 533 935 591 alieno,
964 543 1204 595 quantum
1221 533 1335 580 velis
1362 550 1514 595 usque

487 606 698 653 affatim?

227 685 380 756 Quod
406 694 462 730 tu
493 684 668 730 invitus
700 701 970 745 numquam
993 683 1165 730 reddas
1202 682 1431 741 domino,
1453 682 1516 729 de

481 773 581 817 quo
605 756 767 803 ederis.
935 768 940 772 '

225 832 322 881 Sed
340 844 500 880 tamen
520 834 1009 895 quomodocumque,
1037 849 1332 894 quamquam
1355 848 1516 879 sumus

478 909 782 969 pauperculi,

224 986 307 1033 Est
326 987 489 1043 domi,
510 986 647 1046 quod
673 985 880 1031 edimus:
906 1001 968 1030 ne
997 1001 1080 1030 nos
1106 995 1204 1030 tam
1231 985 1535 1038 contemtim.

478 1063 699 1104 conteras&
1059 1047 1062 1049 ,

224 1137 486 1208 Quidquid
514 1148 582 1183 est
612 1135 935 1198 pauxillulum
962 1135 1077 1182 illuc
1109 1146 1354 1194 nostrum,
1386 1137 1511 1183 illud

478 1231 624 1261 omne
655 1225 783 1261 intus
822 1225 915 1260 est:

222 1293 394 1355 Neque
433 1309 520 1339 nos
548 1309 845 1354 quemquam
883 1290 1177 1354 flagitamus,
1224 1306 1392 1356 neque·
1427 1308 1516 1338 nos

477 1370 730 1431 quisquam
763 1367 956 1433 flagitat.

223 1443 330 1491 Tua
363 1461 515 1491 caussa
556 1462 702 1491 nemo
748 1456 1020 1492 nostrorum
1049 1446 1105 1491 ’st
1144 1461 1248 1492 suos
1286 1437 1514 1509 rupturus

477 1533 685 1564 ramices,

484 1623 1276 1659 AGOR-ASTOCLES.

221 1691 371 1737 Nimis
404 1694 619 1739 iracundi
656 1695 785 1741 estis:
833 1695 1060 1756 equidem
1089 1696 1203 1740 haec
1234 1694 1373 1741 vobis
1411 1694 1511 1740 dixi

473 1784 558 1827 per
582 1769 763 1831 jocum.

574 1874 611 1907 A
647 1875 682 1907 D
721 1876 757 1910 V
794 1875 826 1908 O
863 1876 890 1908 C
930 1875 963 1908 A
1002 1877 1033 1909 T
1068 1875 1106 1908 U
1143 1875 1181 1908 S.

221 1943 308 1990 Per
330 1945 499 2008 jocum
517 1944 688 1990 itidem
715 1944 897 1990 dictum
924 1944 1124 2004 habeto,
1151 1963 1274 2009 quae
1300 1963 1388 1993 nos
1412 1946 1501 1993 tibi

476 2021 815 2083 respondimus.

478 2131 1266 2168 AGORASTOCLES.

223 2198 433 2246 Obsecro
459 2199 615 2247 hercle
646 2216 841 2262 operam
875 2203 1086 2249 celocem
1111 2202 1232 2249 hanc
1261 2201 1419 2264 mihi,‚
1439 2212 1506 2248 ne

474 2278 704 2324 corbitam
736 2279 871 2326 date:

220 2351 516 2416 Attrepidate
548 2359 712 2405 saltem
729 2394 743 2417 ,
780 2375 894 2405 nam
925 2375 1008 2406 vos
1035 2371 1340 2419 approperare
1371 2354 1502 2403 haud

472 2435 679 2492 postulo,
