1630 2866
73 139 266 244 ν.ι.3ε3Ι
364 179 655 228 ACTUS
710 180 768 227 V.
822 179 928 226 SC.
982 178 1064 225 II.
1278 180 1344 239 89

495 299 536 332 M
571 299 591 332 I
626 300 655 332 L
691 299 720 332 P
759 298 793 332 Η
826 298 847 331 1
884 298 930 331 Ο.

78 359 220 406 Nu'nc
241 359 332 404 hoc
351 358 599 404 consilium
617 359 752 421 capio
765 393 779 415 ‚
805 369 854 404 et
874 358 992 416 hanc
1018 354 1238 403 fabricam
1260 370 1345 415 ap-

327 447 442 492 paro
459 465 473 486 ‚

78 503 144 550 Ut
174 515 220 549 te
251 504 524 567 allegemus:
554 503 664 548 filias
697 503 817 550 dicas
847 516 977 561 mast,

81 574 428 636 Subreptasque
456 591 547 620 esse
574 576 785 636 parvolas
815 575 1120 639 Carthagine,

78 646 324 706 Manuque
350 647 527 692 liberali
554 663 707 693 caussa
732 648 891 694 ambas
916 664 1076 694 asseras
1094 681 1109 703 ‚

80 717 227 787 Quasi
261 717 381 764 filiae
412 730 520 763 tuae
553 719 646 763 sint
674 719 851 765 ambae.
884 718 1146 783 intellegis?

560 803 595 836 Η
628 804 662 837 A
697 805 730 836 Ν
766 805 800 837 N
840 805 889 837 o.
925 822 928 827 ·

80 863 311 927 Intellego
342 864 520 909 hercle:
555 879 667 909 nam
689 865 804 910 mihi
830 866 946 911 item
974 875 1138 929 gnatae
1165 863 1288 910 duae

83 933 208 980 Cum
240 935 426 981 nutrice
449 951 542 981 una
570 935 818 997 subreptae
843 949 954 983 sunt
979 938 1210 998 parvolae.

503 1027 546 1060 M
580 1027 600 1060 Ι
636 1027 666 1060 L
701 1027 730 1060 P
766 1028 801 1060 H
835 1028 855 1060 Ι
892 1029 940 1061 0.

85 1086 265 1148 Lepide
309 1087 464 1132 hercle
507 1087 766 1133 assimulas!
803 1089 905 1152 jam
936 1087 989 1135 in
1026 1089 1258 1151 principio
1300 1089 1352 1135 id

250 1160 274 1205 j
336 1159 455 1206 mihi
483 1160 648 1221 placet.

559 1246 596 1279 H
630 1245 664 1279 A
700 1247 735 1280 N
769 1247 803 1280 N
839 1247 887 1281 O.

81 1305 170 1352 Pol
196 1307 339 1371 magis
356 1340 371 1364 ‚
403 1323 549 1367 quam
575 1309 763 1354 vellem.

499 1391 543 1423 Μ
577 1391 598 1423 1
632 1392 663 1424 1.
700 1392 728 1425 Ρ
765 1392 801 1425 Η
835 1392 856 1424 1
892 1392 940 1425 o.

533 1449 667 1495 Heu!
698 1451 853 1496 hercle
879 1453 1127 1498 mortalem
1157 1460 1316 1496 catum
1335 1483 1352 1505 ‚

85 1511 298 1577 Malum,
335 1519 635 1580 crudumque
667 1530 714 1566 et
742 1512 967 1567 callidum
997 1531 1145 1580 atque
1176 1519 1354 1566 subdo-

122 1592 126 1594 ’
335 1592 467 1638 lum!
638 1595 641 1596 ⁷
764 1623 768 1627 -

86 1665 152 1712 Ut
180 1666 327 1711 afflet!
360 1682 459 1726 quo
487 1665 608 1710 illud
635 1675 766 1728 gestu
795 1663 930 1710 faciat
957 1663 1145 1709 facilius.

84 1737 166 1783 Me
198 1754 394 1799 quoque
421 1738 540 1783 dolis
557 1739 658 1802 jam
688 1749 872 1798 superat
899 1738 1275 1784 axchitectonem.

567 1831 602 1863 Η
638 1830 671 1864 A
708 1830 742 1863 N
777 1832 811 1864 N
849 1831 897 1863 O.

88 1885 182 1932 Sed
211 1904 369 1935 eaxum
392 1891 582 1947 nutrix,
610 1907 705 1952 qua
728 1892 785 1937 sit
807 1891 952 1950 facie,
984 1892 1100 1941 mihi
1131 1889 1316 1951 expedi.

506 1984 549 2016 M
585 1983 607 2015 I
642 1983 673 2016 L
706 1984 735 2016 P
771 1985 806 2017 H
841 1986 862 2017 I
898 1985 944 2018 Ο.

88 2037 272 2085 Statura
298 2038 425 2086 haud
457 2057 654 2106 magna,
690 2060 887 2105 corpore
924 2045 1102 2106 aquilo.

569 2135 899 2172 HANNO.

1076 2190 1358 2249 Ipsaea'st.

507 2260 953 2295 MILPHIO.

92 2318 255 2382 Specie
286 2332 510 2379 venusta,
548 2337 628 2367 ore
661 2338 808 2384 parvo
829 2355 843 2380 ,
884 2333 1028 2384 atque
1063 2324 1209 2370 oculis
1248 2339 1355 2384 per-

344 2394 498 2458 nigris.
