1630 2866
237 171 331 219 190
549 138 1192 206 PSEUDoLUs.
1382 173 1512 223 »κη

691 275 1081 327 coquus.

1293 339 1515 402 Eloquar.

234 408 370 477 Quia
396 407 523 453 enim
550 400 704 468 quom
732 411 978 471 extemplo
995 411 1195 458 veniunt
1219 414 1517 461 conductum

488 498 703 543 coquom
718 517 732 541 ‚

234 554 393 601 Nemo
426 555 563 601 illum
592 557 804 617 quaerit,
845 558 930 619 qui
963 570 1190 621 optumus
1204 595 1219 620 ‚
1255 573 1304 610 et
1329 563 1518 610 carissu-

488 646 575 675 mu
590 630 644 676 'st
662 651 671 676 :

226 703 382 772 ’Illum
414 703 696 751 conducunt
727 705 884 767 potius
899 741 912 765 ,
947 707 1034 769 qui
1060 708 1305 757 vilissumu
1320 711 1389 772 fst.

234 783 343 835 Hoc
371 800 458 848 ego
487 783 559 830 fui
590 783 734 830 hodie
766 787 891 834 solus
923 787 1129 835 obsessor
1161 786 1261 835 fori.

234 865 312 910 Illi
346 864 574 911 drachmis
607 865 746 912 iisent
779 868 958 915 miseri:
999 885 1078 915 me
1108 885 1255 916 nemo
1287 878 1445 932 potest

235 942 429 990 Minoris
449 944 702 1004 quisquam
721 960 926 992 nummo
939 982 952 1004 ,
982 959 1038 994 ut
1058 965 1244 1012 surgam
1258 984 1271 1006 ‚
1294 948 1522 1012 subigere.

238 1020 352 1066 Non
377 1037 464 1084 ego
488 1021 605 1066 item
625 1037 824 1067 coenam
852 1023 1024 1069 condio
1045 1058 1058 1081 ‚
1088 1036 1145 1070 ut
1171 1025 1256 1069 alii
1276 1026 1456 1086 coqui,

239 1098 342 1166 Qui
373 1098 490 1142 mihi
519 1098 715 1143 condita
745 1110 876 1159 prata
902 1100 952 1145 in
979 1102 1149 1162 patinis
1175 1101 1455 1164 proferunt,

237 1175 389 1222 Boves
420 1176 505 1237 qui
523 1177 742 1223 convivas
760 1177 938 1223 faciunt
950 1213 963 1236 ,
984 1180 1248 1240 herbasque
1264 1190 1521 1244 oggerum,

238 1254 324 1300 Eas
355 1253 519 1299 herbas
555 1253 708 1300 herbis
742 1256 837 1300 aliis
869 1273 1010 1317 porro
1047 1257 1311 1315 condiunt,

237 1332 426 1378 Indunt
446 1331 748 1379 coriandrum
763 1369 777 1390 ‚
810 1333 1073 1383 feniculum
1091 1370 1105 1394 ‚
1137 1334 1301 1381 allium
1318 1369 1334 1393 ,
1366 1344 1525 1381 atrum

494 1406 597 1450 olus
616 1425 626 1450 ε
885 1406 890 1410 ”

239 1479 512 1540 Adponunt
531 1477 762 1522 rumicem
777 1512 789 1533 ‚
816 1476 1057 1525 brassicam
1072 1512 1086 1535 ,
1105 1477 1295 1538 betam,
1313 1476 1492 1524 blitum
1508 1510 1524 1535 ‚

238 1543 311 1603 Eo
346 1556 574 1617 laserpicii
606 1556 778 1601 libram
813 1556 979 1618 pondo
1010 1558 1232 1604 diluunt:

214 1635 434 1681 ·Teritur
469 1632 634 1694 sinapis
669 1634 838 1678 scelera
869 1649 982 1679 cum
1017 1633 1128 1679 illis:
1165 1635 1251 1695 qui
1278 1644 1469 1689 terunt,

238 1713 521 1776 Priusquam
544 1722 820 1769 teruerunt,
853 1712 979 1757 oculi
1002 1724 1057 1758 ut
1084 1712 1344 1768 exstillent,
1375 1710 1496 1756 facit.

241 1792 295 1838 Ei
316 1790 532 1836 homines
555 1806 721 1836 coenas
744 1790 831 1836 sibi
851 1791 1067 1851 coquint.
1090 1807 1243 1852 quom
1261 1789 1526 1848 condiunt,

241 1871 355 1916 Non
387 1869 704 1916 condimentis
733 1870 990 1926 condiunt,
1017 1870 1100 1916 sed
1133 1869 1378 1934 strigibus,

242 1948 371 1995 Vivis
402 1946 610 1992 convivis
645 1946 862 1993 intestina
893 1963 1015 2007 quae
1054 1946 1264 1992 exedint.

241 2026 351 2072 Hoc
387 2025 464 2070 hic
507 2022 706 2084 quidem
749 2023 965 2070 homines
1007 2033 1106 2069 tam
1146 2024 1347 2070 brevem
1379 2024 1524 2071 vitam

496 2098 691 2152 colunt,

247 2172 419 2242 Quom
449 2173 583 2218 hasce
617 2171 780 2217 herbas
809 2171 1084 2236 hujusmodi
1110 2172 1161 2217 in
1197 2187 1336 2218 suum
1365 2169 1523 2214 alvom

498 2256 760 2308 congerunt
777 2279 791 2302 ‚

244 2315 588 2366 Form'idolosas
612 2317 743 2365 dictu
761 2351 775 2374 ‚
807 2333 909 2364 non
939 2334 1021 2363 esu
1049 2317 1226 2363 modo:

246 2401 376 2468 Quas
396 2400 558 2447 herbas
573 2400 782 2461 pecudes
803 2415 901 2446 non
923 2398 1074 2444 edunt
1089 2431 1104 2454 ‚
1126 2395 1340 2442 homines
1361 2394 1521 2441 edunt.
1556 2404 1562 2410 ·
