1598 2814
95 205 226 250 v.44
508 181 840 232 ACTUS
903 182 1023 229 V.‘
1275 177 1368 235 585

513 295 537 329 s
574 297 605 329 Τ
640 296 674 329 R
713 295 747 328 A
783 295 811 326 B
850 295 884 326 Λ
918 293 969 326 x.

97 358 238 405 Nunc
253 393 268 416 ,
294 358 330 403 si
350 358 472 403 hanc
498 368 661 403 tecum
684 372 777 403 esse
794 371 968 416 spera,
984 354 1073 400 alia
1095 369 1196 414 opu
1212 353 1267 398 ’st
1286 368 1370 397 au-

345 430 387 475 ri
413 430 552 476 mina.
646 482 649 485 ,

358 512 1141 549 STRATOPHANES.

99 574 274 620 Malam
298 590 402 630 1em
428 574 499 621 his
526 586 573 620 et
597 575 840 638 magnam!

519 658 542 692 S
578 659 609 692 T
644 659 678 692 R
716 659 750 691 A
786 659 815 690 B
851 658 885 691 A
920 657 972 690 X.

498 719 676 783 Magno
699 733 842 780 opere
863 733 994 763 serva
1016 715 1105 761 tibi
1131 714 1370 761 viaticum.

104 789 241 858 Quid
262 791 346 838 ista
365 789 534 848 debet,
558 791 644 836 nisi
671 791 757 836 tria
773 790 796 836 ?

364 872 1147 911 STRATOPHANES.

548 935 951 1006 Quaetrianam?

520 1021 542 1055 S
578 1022 610 1054 T
645 1024 678 1056 R
715 1022 749 1056 A
787 1023 815 1055 B
852 1022 887 1054 A
924 1021 974 1054 X.

640 1083 890 1146 Unguenta
903 1116 916 1138 ,
937 1091 1130 1127 noctem
1146 1112 1160 1136 ‚
1179 1077 1372 1124 savium.

422 1153 1085 1202 P‘Hno‘nsssluM.

102 1228 189 1274 Par
211 1227 310 1290 pari
331 1229 596 1291 respondet.
624 1245 793 1276 verum
819 1244 951 1275 nunc
978 1227 1140 1273 saltem
1167 1225 1204 1270 si
1224 1240 1346 1270 amas
1362 1257 1377 1280 ‚

334 1303 479 1349 ‘mihi

58 1375 62 1378 ⁴
105 1373 183 1422 Da
200 1386 254 1420 tu
272 1373 331 1419 de
346 1376 437 1420 tuis
460 1375 634 1421 deliciis
658 1376 850 1421 summis
873 1376 993 1435 quid
1010 1375 1343 1437 pauxillulum.

363 1458 1152 1493 STRATOPHANES.

106 1517 244 1588 Quid
272 1518 324 1563 id
338 1552 351 1576 ,
375 1519 447 1575 ai,
479 1519 647 1564 amabo
661 1554 675 1575 ‚
696 1530 763 1565 est
778 1553 793 1576 ,
812 1519 950 1580 quod
969 1519 1115 1565 dem?
1137 1518 1211 1564 dic
1235 1518 1376 1564 dum!

358 1591 394 1637 si
425 1602 613 1653 superet
631 1626 646 1648 ‚
674 1591 802 1637 feres.

273 1724 277 1725 ⁷
428 1676 457 1710 ι’
492 1676 527 1708 H
562 1677 596 1709 R
633 1676 666 1708 o
704 1677 735 1709 N
774 1675 804 1707 E
843 1675 866 1709 s
902 1676 925 1709 1
960 1676 995 1709 U
1034 1675 1091 1709 M.

109 1733 305 1796 Campas
325 1735 462 1780 dicis:
484 1734 559 1780 abi
574 1768 589 1791 ,
606 1734 705 1780 abi!
726 1735 986 1780 consultavi
1012 1735 1145 1780 istuc.

369 1827 1152 1863 STRATOPHANES.

610 1907 623 1915 ·
1032 1890 1175 1945 Mihi,
1202 1890 1349 1935 homo
1368 1924 1382 1946 ‚

112 1957 236 2004 Cave
252 1958 365 2004 faxis
379 1961 549 2006 volnus
560 1994 573 2018 ‚
585 1961 671 2007 tibi
684 1961 783 2023 jam
798 1961 915 2021 quoi
930 1971 1039 2006 sunt
1053 1959 1215 2005 dentes
1233 1960 1379 2005 ferrei.

112 2029 271 2094 Vulgo
301 2031 361 2076 ad
387 2048 433 2077 se
456 2049 619 2078 omnes
641 2033 942 2079 intromittit:
979 2032 1159 2077 abstine
1191 2032 1300 2078 istac
1328 2044 1384 2078 tu

368 2119 579 2149 manum.

533 2187 556 2220 S
594 2187 625 2220 T
661 2190 694 2221 R
729 2188 764 2220 A
800 2189 828 2221 B
867 2188 901 2220 A
935 2187 984 2220 X.

110 2245 239 2304 Jam‚
269 2246 452 2303 hercle,
474 2248 572 2310 jam
598 2265 772 2312 magno
801 2261 855 2295 tu
873 2250 1042 2310 vapula
1063 2249 1134 2295 vir
1160 2259 1381 2295 strenuus.

371 2338 1148 2376 STRATOPHANES.

115 2397 241 2448 Dedi
268 2415 353 2462 ego
380 2399 490 2444 huic
517 2409 696 2445 au'rum.
