1630 2866
8 195 197 259 xv.28
366 187 656 238 ACTUS
713 189 790 234 11.
840 187 947 235 SC.
999 187 1058 235 V.
1263 189 1349 243 267

75 301 140 348 Ut
166 302 305 348 etiam
331 317 461 347 nunc
487 301 654 347 misera
681 300 854 356 timeo,
885 298 969 344 ubi
998 297 1144 344 oculis
1167 298 1355 343 intueor

329 375 484 420 mare!

0 480 10 490 ·
75 445 172 494 Sed
199 447 319 508 quid
353 464 440 511 ego
472 446 635 492 misera
662 445 804 491 video
830 445 1000 506 procul
1032 444 1083 490 in
1112 443 1279 501 litore,

77 521 244 567 Meum
260 521 434 566 herum
452 521 678 565 lenonem
695 518 1079 579 Siciliensemque
1096 518 1356 579 hospitem,

79 594 219 663 Quos
242 595 426 655 periisse
456 593 620 639 ambos
644 593 809 638 misera
838 593 1085 638 censebam
1114 592 1164 637 in
1193 593 1323 637 mari.

74 663 181 722 jam
211 663 334 709 illud
364 664 474 709 mali
509 663 614 724 plus
642 663 780 708 nobis
805 663 950 719 vivit,
985 679 1133 723 quam
1156 674 1292 707 ratae.

79 735 174 781 Sed
198 734 318 795 quid
351 751 436 798 ego
471 750 596 780 cesso
628 733 790 797 fugere
817 733 866 779 in
895 733 1091 791 fanum,
1116 750 1168 779 ac
1200 733 1356 780 dicere

333 807 449 852 haec

82 880 357 930 Palaestrae;
397 880 447 924 in
478 895 602 924 aram
628 880 699 925 uti
726 879 1054 943 confugiamus
1084 880 1214 940 prius
1231 913 1245 935 ‚

83 952 245 1020 Quam
269 951 364 996 huc
384 951 598 997 scelestus
617 950 729 996 leno
753 950 936 1007 veniat,
958 965 1145 1010 nosque
1167 949 1242 995 hic
1268 965 1359 1011 op-

336 1021 538 1085 primat?

84 1095 367 1160 Confugiam
390 1097 529 1154 hinc,
556 1111 626 1141 res
652 1095 717 1141 ita
737 1094 947 1156 suppetit
972 1093 1134 1141 subito
1164 1092 1294 1140 mihi.

479 1266 856 1316 SCENA
924 1268 972 1315 V.

442 1418 1028 1454 SCEPARNIO.

90 1471 222 1582 PR
235 1546 267 1580 Ο
286 1534 366 1580 Dii
383 1535 674 1582 inmortales!
695 1537 746 1581 in
760 1553 882 1597 aqua
896 1551 1166 1596 numquam
1182 1537 1364 1582 credidi

88 1605 400 1666 Voluptatem
421 1605 567 1651 inesse
588 1616 779 1653 tantam.
810 1617 866 1652 ut
887 1606 1007 1652 hanc
1025 1607 1147 1652 traxi
1171 1608 1364 1653 lubens!

91 1676 254 1724 Nimio
284 1678 444 1723 minus
470 1680 588 1724 altus
622 1690 796 1740 puteus
821 1680 924 1726 visu
941 1680 1027 1736 ’st‚·
1053 1695 1200 1740 quam
1225 1681 1368 1741 prius.

91 1748 158 1795 Ut
187 1743 283 1795 sine
303 1750 468 1796 labore
492 1751 612 1798 hanc
641 1753 843 1798 extraxi!
876 1752 1145 1813 praefiscine
1161 1787 1176 1809 ‚
1402 1809 1406 1811 μ

93 1819 209 1867 Satis
238 1838 447 1883 nequam
475 1841 603 1871 sum:
639 1836 811 1887 utpote
837 1825 923 1886 qui
949 1825 1094 1871 hodie
1112 1826 1371 1891 inceperim

95 1895 298 1949 Amare.>
316 1897 428 1942 hem
463 1899 551 1943 tibi
586 1917 791 1961 aquam,
830 1916 938 1946 mea
970 1910 1026 1945 tu
1059 1899 1197 1945 bella.
1235 1902 1370 1946 hem!

349 1968 412 2013 sic
441 1972 555 2017 volo

7 2053 16 2060 ·
94 2040 168 2086 Te
199 2039 317 2086 ferre
342 2041 570 2100 honeste,
603 2055 660 2090 ut
689 2061 776 2109 ego
803 2045 926 2091 fero:
957 2055 1012 2091 ut
1037 2047 1215 2107 placeas
1243 2046 1376 2091 mihi.

96 2112 192 2160 Sed
222 2113 309 2159 ubi
342 2124 397 2159 tu
431 2130 505 2170 eS‚
538 2114 775 2165 delicata?
798 2133 914 2178 cape
949 2134 1126 2178 aquam
1154 2118 1274 2163 hanc
1306 2118 1375 2162 sis.

350 2187 435 2233 ubi
469 2188 554 2233 es?

104 2257 248 2304 Amat
280 2259 435 2305 hercle
467 2276 573 2317 me,
599 2270 655 2305 ut
690 2275 777 2323 ego
806 2261 988 2321 opinor.
1024 2260 1214 2307 delituit
1243 2262 1378 2307 mala.

105 2329 200 2377 Ubi
233 2342 288 2377 tu
323 2332 405 2378 es?
443 2333 646 2379 etiamne
672 2333 792 2379 hanc
822 2345 988 2379 urnam
1023 2344 1267 2395 acceptura
1297 2333 1379 2379 es?

362 2405 447 2451 ubi
471 2422 516 2451 es
533 2405 555 2449 Ρ
