1630 2866
108 281 126 297 ⁴
212 309 1167 377 *ARGUMENTUM

396 468 496 530 (Ut
529 466 815 528 quibusdzim
840 465 1063 529 videtur)

482 599 976 644 PRISCIANI.

164 729 568 776 PRAESENTES
595 737 793 773 numerat
817 726 1054 790 quindecim
1071 726 1201 773 Miles
1215 729 1376 775 minas:

51 850 54 852 ,
94 803 238 849 Simul
259 804 487 863 consignat
508 801 735 865 symbolum
753 834 768 857 ‚
799 812 850 846 ut
873 800 1151 846 Phoenicium

92 875 151 922 Ei
180 875 252 920 det
273 874 393 922 leno,
426 876 500 936 qui
527 891 621 920 eum
647 891 743 920 cum
777 874 936 936 reliquo
967 875 1139 935 afferat.

101 947 342 994 Venientem
371 943 576 991 Caculam
603 948 849 992 intervortit
872 946 1082 1007 symbolo,

92 1019 269 1066 Dicens
288 1019 443 1082 Syrum
469 1036 515 1064 se
543 1020 786 1070 Ballionis,
817 1017 1080 1064 Pseudolus.-

98 1094 306 1158 Opemque
336 1091 463 1137 herili
494 1092 559 1136 ita
591 1092 761 1136 tetulit.-
792 1107 894 1136 nam
916 1090 1080 1136 Simiae

94 1166 208 1228 Leno
237 1164 489 1212 mulierem,
524 1180 646 1227 quem
676 1165 714 1207 is
739 1164 987 1227 supposuit,
1020 1163 1216 1209 tradidit.

101 1237 225 1283 Venit
244 1236 435 1301 Harpax
460 1252 610 1283 verus:
642 1252 709 1281 res
730 1236 883 1300 palam
915 1238 1186 1297 cognoscitur
1203 1256 1218 1280 :

94 1310 313 1374 Senexque
340 1321 593 1372 argentum,
616 1308 730 1372 quod
755 1320 851 1355 erat
873 1321 1060 1373 pactus,
1097 1309 1297 1355 reddidit.

143 1461 491 1514 ,ALIUD
564 1461 1319 1540 ARGUMENTUM

464 1590 1004 1632 CAMERARII.

161 1712 219 1759 H
226 1724 389 1760 UJUS
395 1711 581 1777 fabulae
607 1713 798 1758 laudatio
823 1725 970 1758 exstat
991 1711 1271 1759 Ciceroniana
1289 1732 1299 1754 r
1330 1714 1377 1759 in

101 1788 238 1851 cujus,
264 1785 445 1830 Catone
487 1786 574 1849 ipse
618 1783 725 1829 Cato
765 1785 899 1830 dicit:
945 1785 1108 1855 Quam
1148 1784 1384 1848 gaudebat

49 1889 61 1903 .
100 1857 232 1903 bello
276 1873 360 1901 suo
403 1856 586 1902 Punico
626 1856 861 1906 Naevius;
904 1873 1050 1917 quam
1086 1857 1383 1902 Truculento

102 1927 413 1977 PLAUTUS,
448 1942 594 1989 quam
623 1929 985 1978 PSEUDOLO!
1019 1931 1085 1975 Ac
1114 1942 1177 1975 est
1212 1929 1383 1975 Trucu-

104 2003 248 2048 lentus
277 2001 440 2063 quidem
477 2004 543 2047 ita
572 2002 853 2066 depravatus,
889 2016 939 2049 ut
975 2004 1097 2050 nulla
1132 2004 1221 2048 alia
1241 2003 1384 2067 fabu-

108 2075 156 2120 la
172 2073 429 2138 fabularum
454 2072 759 2120 Plautinarum
781 2079 946 2137 magis,
974 2089 1063 2122 tam
1083 2080 1126 2122 in
1150 2080 1390 2140 expressis,v

106 2163 234 2210 quam
265 2148 308 2191 in
345 2145 471 2191 MSS.
505 2146 637 2191 libris.
672 2147 906 2193 Pseudolus
941 2161 1081 2194 autem
1118 2161 1160 2193 et
1191 2150 1389 2211 beneficio

104 2231 294 2266 veterum
320 2218 546 2265 librorum,
575 2229 617 2262 et
638 2230 783 2263 nostra
807 2220 1058 2280 diligentia,
1075 2211 1269 2266 maxirna
1279 2238 1388 2284 par·-

110 2303 152 2338 te
189 2294 415 2337 restitutus
450 2293 728 2352 integritati,
752 2291 896 2355 facile
931 2293 1090 2356 probat
1126 2294 1304 2341 lectori,
1343 2310 1389 2338 se

109 2381 192 2411 non
221 2367 312 2411 sine
343 2381 494 2412 caussa
522 2377 739 2429 tantopere
767 2366 978 2429 placuisse
1000 2364 1204 2412 Ciceroni.
1233 2365 1388 2431 Argu5
