1630 2866
155 179 223 231 μό
504 172 1083 233 P<3EN1JLUs.
1345 185 1443 229 ιι

242 380 704 439 ACTUS
792 379 1363 439 PRIMUS.

539 537 933 586 SCENA
1009 538 1048 585 I.

221 682 906 720 AGORASTOGLES‚
981 682 1379 721 MILPHIa

418 796 1204 849 AcmRAsr<2cLEs

157 865 371 979 SAEPE
405 946 492 994 ego
521 946 593 975 res
621 931 792 975 multas
821 930 912 975 tibi
936 930 1188 988 mandavi,
1206 930 1448 993 Milphio,-

157 1004 338 1050 Dubias
357 1038 371 1060 ,
397 1018 561 1066 egenas
575 1036 588 1058 ,
609 1002 842 1063 inopiosas
870 1002 1034 1047 consili
1053 1035 1068 1059 ,

159 1081 291 1145 Quas
327 1088 383 1122 tu
417 1075 649 1136 sapienter
667 1109 681 1132 ,
706 1075 849 1121 docte
866 1109 880 1132 ,
915 1085 962 1121 et
994 1074 1184 1121 cordate
1201 1108 1224 1143 ⁹.
1247 1086 1295 1120 et
1314 1085 1419 1121 cate

157 1149 279 1196 Mihi
307 1146 559 1194 reddidisti
592 1147 804 1209 opiparas
836 1144 978 1209 opera
1002 1158 1097 1193 tua.

162 1220 358 1289 Quibus
387 1235 478 1282 pro
500 1218 757 1266 benefactis
786 1220 936 1267 fateor
965 1219 1127 1266 deberi
1163 1219 1253 1267 tibi

159 1294 222 1341 Et
245 1294 514 1340 libertatem
530 1328 545 1351 ,
578 1304 625 1339 et
651 1295 824 1341 multas
857 1306 1004 1360 grates
1045 1295 1220 1359 gratias,

582 1389 627 1422 M
662 1389 684 1422 I
722 1389 753 1422 L
788 1389 817 1422 P
854 1389 888 1422 H
924 1389 944 1422 I
985 1389 1034 1422 Ο.

160 1449 344 1498 Scitum
370 1451 425 1496 ’st
445 1484 458 1508 ,
490 1466 575 1512 per
615 1460 807 1513 tempus
844 1450 881 1496 si
918 1449 1110 1497 obviarn
1144 1451 1210 1509 it,
1245 1450 1451 1498 verbum'

239 1534 242 1537 ’
419 1535 568 1572 vetus,

160 1596 283 1644 Nam
302 1609 410 1644 tuae
435 1598 693 1644 blanditiae
717 1597 837 1643 mihi
862 1608 999 1655 sunt,
1027 1595 1163 1658 quod
1182 1595 1277 1642 dici
1294 1595 1442 1652 solet,

165 1669 340 1715 Gerrae
371 1686 647 1732 germanae,
683 1681 830 1730 atque
858 1669 1032 1730 edepol
1061 1668 1177 1713 liroe
1202 1667 1332 1713 liroe.

163 1740 305 1785 Nunc
335 1740 453 1785 mihi
483 1740 784 1785 blandidicus
820 1757 893 1790 es;
920 1739 1020 1785 heri
1054 1739 1106 1785 in
1137 1750 1269 1803 tergo
1303 1756 1415 1786 meo

162 1813 270 1859 Tris
304 1813 436 1859 facile
470 1814 619 1860 corios
652 1813 912 1860 contrivisti
939 1813 1163 1859 bubulos.

418 1907 1210 1942 AGORASTOGLES.

164 1968 229 2016 At
256 1987 414 2016 amans
443 1987 532 2031 per
560 1987 772 2026 amorem
809 1969 845 2014 si
874 1968 993 2030 quid
1020 1968 1136 2026 feci,
1169 1969 1402 2032 Milphio,-

164 2046 413 2111 Ignoscere
444 2046 498 2092 id
530 2058 578 2093 te
610 2047 728 2092 mihi
760 2061 969 2106 aequom
986 2044 1053 2089 ’st.

589 2140 633 2173 M
669 2140 691 2173 I
729 2140 759 2173 L
797 2139 826 2172 P
859 2137 895 2170 H
929 2137 950 2170 I
990 2137 1037 2170 Ο.

980 2197 1126 2244 Haud
1154 2197 1256 2245 vidi
1287 2197 1446 2260 magis.

165 2269 227 2316 Et
257 2284 387 2314 nunc
424 2284 512 2333 ego
540 2285 702 2315 amore
725 2286 884 2331 pereo.
921 2271 1018 2317 sine
1042 2282 1091 2316 te
1117 2266 1422 2325 verberem,'

164 2342 290 2387 Item
324 2354 380 2388 ut
406 2354 460 2388 tu
485 2343 605 2388 mihi
639 2342 813 2400 fecisti,
852 2343 916 2390 ob
946 2344 1130 2389 nullam
1155 2341 1376 2387 noxiam:

165 2415 277 2461 Post
300 2415 352 2460 id
380 2417 599 2462 locorum
625 2428 681 2462 tu
714 2417 831 2462 mihi
857 2405 1033 2461 amanti
1061 2413 1306 2479 ignoscito.
