1630 2866
39 179 160 226 v.13
332 158 620 208 ACTUS
664 159 764 206 IV.
813 155 915 206 SC.
964 161 1041 206 11.
1216 173 1307 221 301

41 270 140 319 Sed
161 268 222 316 ad
238 269 494 331 prandium
513 284 635 314 uxor
648 284 726 313 me
743 278 902 318 vocat;
919 268 1064 313 redeo
1082 266 1310 325 domurn,

35 340 143 401 jam
164 357 288 387 meas
311 339 528 401 opplebit
556 339 674 384 auris
706 355 787 383 sua
809 338 1063 398 loquentia.

424 466 752 514 SCENA
825 467 925 513 II.

492 567 900 631 GRIPUS.'

38 652 144 765 N
149 727 392 762 EPTUNO
423 716 503 761 has
533 731 620 780 ago
651 732 762 761 meo
785 727 983 777 patrono
1016 717 1206 780 gratias,

40 791 142 860 Qui
175 790 293 836 salsis
324 789 437 835 locis
470 789 634 835 incolit
664 789 959 850 pisculentis‚

41 864 212 931 Quom
238 879 318 908 me
340 862 520 907 ‹ex-suis
545 861 741 923 pulchre
769 871 990 907 ornatum
1018 860 1260 922 expedivit

41 935 255 996 Templis
284 934 534 990 reducem,
564 934 767 994 plurima
790 933 964 994 praeda
992 945 1248 988 onustum,

42 1006 202 1053 Salute
229 1006 387 1052 horiae
401 1039 415 1062 ‚
442 1012 564 1064 quae
596 1005 647 1049 in
676 1005 792 1050 mari
821 1004 1058 1050 fluctuoso

41 1081 223 1126 Piscatu
251 1095 382 1126 novo
414 1095 491 1123 me
524 1077 660 1125 uberi
690 1077 969 1139 conpotivit.

42 1154 262 1214 Miroque
278 1151 426 1198 modo
444 1162 589 1212 atque
606 1151 869 1197 incredibili
887 1150 962 1195 hic
980 1150 1176 1211 piscatus
1194 1151 1315 1197 mihi

41 1225 224 1287 Lepide
260 1224 450 1271 evenit:
497 1240 657 1284 neque
703 1223 901 1285 piscium
940 1224 1088 1268 ullam
1127 1224 1315 1269 unciam

289 1295 434 1342 hodie
1138 1297 1145 1304 ’

41 1370 211 1418 Pondo
238 1369 373 1430 cepi,
405 1368 492 1413 nisi
522 1368 640 1425 hoc,
667 1368 803 1428 quod
833 1368 932 1414 fero
964 1369 1041 1414 hic
1062 1369 1113 1414 in
1138 1381 1249 1426 rete.

42 1442 168 1489 Nam
189 1452 246 1487 ut
270 1441 330 1485 de
357 1450 497 1485 nocte
526 1440 687 1501 multa·
703 1440 983 1502 inpigreque
1013 1443 1246 1487 exsurrexi
1267 1474 1288 1498 ,

43 1517 255 1562 Lucrum
279 1513 539 1575 praeposivi
569 1515 726 1574 sopori
754 1525 802 1559 et
829 1515 1005 1573 quieti:

44 1588 346 1647 Tempestate
380 1602 514 1630 saeva
546 1586 746 1647 experiri
778 1586 1019 1646 expetivi,

46 1662 378 1722 Paupertatem
402 1659 488 1720 qui
514 1659 614 1705 heri
637 1671 685 1704 et
710 1675 865 1704 meam
895 1658 1189 1704 sentientiam

43 1735 347 1789 Tolerarem,
385 1748 528 1793 opera
562 1732 691 1780 haud
722 1731 792 1778 fui
828 1747 991 1793 parcus
1025 1747 1141 1776 mea.
1180 1731 1317 1776 nimis

297 1807 445 1852 homo
497 1811 500 1814 ’

48 1881 194 1927 Nihili
220 1891 312 1937 est,
342 1880 428 1940 qui
453 1879 587 1943 piger
615 1888 709 1929 est;
738 1879 973 1939 nimisque
993 1878 1044 1923 id
1071 1894 1214 1941 genus
1237 1880 1317 1925 odi

300 1969 388 2016 ego
415 1954 549 1998 male.

50 2028 251 2092 Vigilare
285 2026 422 2071 decet
446 2013 690 2072 hominem
712 2061 726 2082 ‚
762 2026 847 2087 qui
876 2028 980 2074 volt
1013 2044 1092 2073 sua
1117 2030 1319 2089 tempori

120 2151 122 2154 v
303 2098 531 2159 conficere
564 2098 723 2143 officia.

50 2171 164 2218 Non
190 2171 318 2217 enim
344 2171 481 2215 illum
505 2179 774 2229 exspectare
807 2179 993 2228 oportet
1008 2203 1020 2223 ‚
1043 2168 1159 2225 dum
1182 2169 1321 2214 herus

302 2259 349 2288 se
381 2241 440 2286 ad
468 2256 607 2285 suurn
636 2239 825 2284 suscitet
852 2239 1068 2284 officium.

59 2314 183 2362 Nam
212 2315 298 2378 qui
337 2313 583 2359 dormiunt
614 2310 843 2369 libenter,
870 2310 967 2356 sine
986 2311 1116 2356 lucro
1139 2321 1186 2356 et
1212 2327 1323 2358 cum

312 2387 438 2432 malo
467 2383 729 2446 quiescunt.
