1630 2866
90 131 215 203 Μ),
422 138 711 187 ACTUS
757 139 791 184 1.
842 137 944 185 sc,
994 139 1071 184 11.
1275 152 1366 196 425

90 244 165 291 Ne
196 242 442 290 admittam
491 244 711 303 culpam,
757 260 856 307 ego·
883 260 992 288 meo
1031 259 1135 289 sum
1170 259 1368 304 promus

352 319 560 379 pectori:

94 391 307 454 Suspicio
341 403 408 436 est
429 391 479 436 in
512 402 703 452 pectore
730 389 884 435 alieno
913 389 1011 435 sita.

91 463 215 510 Nam
243 479 372 509 nunc
400 479 494 526 ego
519 463 554 508 si
582 476 630 508 te
657 461 937 523 subripuisse
967 462 1169 523 suspicer

85 534 197 594 Jovi
219 551 443 581 coronam
469 535 529 581 de
553 536 729 598 capite,
757 551 783 580 e
808 533 1049 595 Capitolio
1067 569 1082 591 ‚

94 608 248 674 Quod
264 609 312 654 in
333 608 541 654 culmine
558 608 706 654 adstat
724 623 933 653 summo:
954 607 989 652 si
1010 607 1059 652 id
1075 624 1177 653 non
1196 607 1371 665 feceris,

94 679 257 739 Atque
288 680 338 725 id
366 692 524 726 tamen
551 681 670 726 mihi
695 679 859 725 lubeat
885 677 1180 740 suspicarier,

94 753 198 821 Qui
225 763 282 798 tu
314 752 363 797 id
387 753 638 813 prohibere
661 768 740 797 me
764 763 926 813 potes,
955 767 1016 796 ne
1044 753 1277 812 suspicer?

95 824 190 870 Sed
216 825 333 870 istuc
359 826 521 888 negoti
544 826 657 871 scire
681 825 825 886 cupio
842 859 856 882 ‚
883 824 1128 886 quidquid
1151 837 1233 873 est.

379 911 1115 955 MEGARONI‘DES.

94 980 279 1044 Haben'
298 980 582 1027 tu.amicum
609 990 693 1025 aut
717 979 992 1025 familiarem
1015 980 1295 1041 quempiam
1311 1013 1326 1037 ‚

96 1051 231 1120 Quoi
257 1062 422 1112 pectus
447 1049 627 1112 sapiat?

451 1136 479 1169 C
516 1135 552 1168 A
585 1134 616 1168 I.
650 1134 682 1167 L
717 1134 738 1167 I
772 1135 801 1167 C
836 1134 867 1167 I.
903 1136 934 1168 Ε
971 1135 1010 1169 S.

642 1193 830 1255 Edepol
858 1195 988 1240 haud
1015 1194 1169 1242 dicam
1200 1195 1339 1245 dolo;

97 1263 243 1323 Sunt,
265 1282 386 1327 quos
412 1264 504 1311 scio
523 1281 615 1312 esse
634 1267 826 1314 amicos:
849 1279 986 1325 sunt,
1009 1285 1129 1328 quos
1146 1268 1377 1329 suspicor,

98 1339 323 1408 Quorum
344 1339 531 1401 ingenia
558 1351 703 1400 atque
734 1340 916 1387 animos
940 1356 1042 1386 non
1067 1358 1259 1402 possum
1289 1358 1379 1387 no·-

353 1426 476 1455 scere
496 1445 509 1466 ‚

99 1481 179 1527 Ad
213 1482 348 1527 amici
374 1494 557 1542 partem
573 1517 587 1539 ,
615 1499 676 1528 an
706 1483 766 1528 ad
797 1484 975 1530 inimici
1006 1488 1295 1546 perveniant.

102 1551 199 1601 Sed
220 1563 277 1598 tu
312 1567 371 1596 ex
395 1552 552 1598 amicis
576 1553 720 1610 certis*
743 1554 812 1598 mi
843 1572 888 1600 es
912 1557 1219 1602 certissumus.

43 1659 46 1661 -
105 1624 153 1675 Si
172 1624 293 1684 quid
318 1624 399 1669 scis
427 1641 506 1669 me
525 1623 681 1670 fecisse
706 1625 868 1682 inscite
891 1638 973 1672 aut
1001 1628 1230 1688 inprobe,

103 1696 152 1743 Si
169 1696 313 1742 idme
327 1712 428 1742 non
444 1713 649 1754 accusas,
671 1708 776 1743 tute
797 1698 895 1760 ipse
915 1699 1234 1765 objurgandus
1255 1719 1314 1749 es·

392 1790 1118 1828 MEGARONIDES.

1238 1847 1374 1899 Sci0;

103 1916 189 1974 Et,
212 1915 248 1961 si
276 1916 361 1961 alia
386 1916 480 1962 huc
509 1933 660 1963 caussa
685 1918 746 1964 ad
774 1929 823 1964 te
842 1919 1015 1966 adveni
1031 1954 1046 1978 ‚
1066 1936 1273 1981 aequom
1291 1937 1379 1982 po·-

356 1989 505 2034 stulas.

459 2075 485 2106 c
523 2075 558 2108 A
589 2071 623 2108 Ἰ,
659 2076 690 2109 Ι,
723 2077 744 2109 1
778 2078 806 2110 c
839 2078 871 2110 L
905 2078 937 2111 Ε
973 2077 1010 2111 s.

104 2134 364 2196 Exspecto,
392 2133 428 2178 si
455 2134 576 2194 quid
604 2134 739 2180 dicas.

401 2217 1123 2252 MEGARONIDES.

769 2278 1103 2325 Primumdum
1128 2281 1343 2328 omnium
1363 2315 1377 2338 ,

107 2350 230 2398 Male
262 2352 503 2399 dictitatur
533 2351 620 2398 tibi
644 2353 786 2416 volgo
811 2352 862 2398 in
894 2351 1215 2399 sermonibus:
