1630 2866
151 206 278 243 Ἆρα
447 185 742 238 ACTUS
797 186 858 235 V.
914 185 1014 234 SC.
1068 187 1142 234 ΙΙ.
1351 201 1444 248 231·

486 332 489 336 .
606 307 707 340 B'A
744 307 776 341 L
814 306 846 339 L
881 307 903 340 Ι
939 306 986 340 Ο.

540 367 712 414 Doleo.
763 392 768 396 -

511 453 542 486 P
582 452 604 486 S
640 453 670 486 E
709 451 745 485 U
779 453 816 485 D
859 451 891 485 O
929 450 960 486 L
997 451 1108 490 U.S.

668 513 731 558 Ni
761 513 944 560 doleres
974 524 1030 559 tu
1051 547 1067 571 ,
1094 528 1184 577 ego
1212 512 1443 563 dolerem.

614 599 642 632 B
680 599 715 632 A
748 600 779 632 L
814 599 846 632 L
882 600 904 632 1
941 599 988 632 Ο.

157 658 295 729 Quid
323 659 446 705 hoe?
463 658 705 705 auferrene
720 693 734 715 ,
765 658 1000 704 Pseudole
1013 693 1026 716 ,
1047 658 1128 704 abs
1149 669 1236 704 tuo
1255 658 1404 704 hero?

512 752 554 785 P'
581 752 604 785 S
638 750 669 784 E
707 752 741 784 U
779 752 814 784 D
852 751 884 784 O
924 751 955 784 L
990 751 1026 783 U
1063 750 1101 784 S.

531 813 902 860 Lubentissumo
933 813 1075 859 corde
1095 825 1239 875 atque
1262 814 1433 859 animo.

611 899 639 932 B
677 899 712 932 A
750 897 779 932 I,
815 899 846 932 L
881 899 987 934 150.

159 957 273 1005 Non
303 960 444 1006 audes
459 994 474 1018 ‚
505 976 679 1022 quaeso
695 996 710 1018 ‚
740 961 949 1021 aliquam
980 972 1164 1022 partem
1187 961 1307 1006 mihi
1341 978 1442 1025 gra·

411 1035 527 1081 tiam
551 1035 701 1082 face1e
731 1036 843 1082 hinc
871 1036 1086 1100 argenti?
1110 1055 1117 1063 =

514 1119 543 1152 P
579 1118 602 1152 S
637 1119 667 1152 E
705 1119 740 1152 U
778 1120 814 1152 D
853 1120 885 1152 O
922 1119 953 1152 L
990 1119 1024 1152 U
1061 1118 1098 1152 S.

161 1177 288 1227 Novi
302 1212 318 1238 ,
347 1196 427 1226 me
468 1179 593 1227 dices
625 1180 821 1227 avidum
854 1197 961 1227 esse.
1005 1196 1119 1226 nam
1154 1181 1266 1227 hinc
1297 1197 1442 1227 num-

416 1271 562 1316 quam
595 1255 679 1300 eris
707 1271 913 1301 nummo
945 1255 1151 1302 divitior.

160 1325 332 1389 Neque
357 1338 406 1373 te
431 1329 527 1373 mei
548 1329 665 1392 tergi
692 1329 931 1374 misereret
946 1363 960 1387 ,
994 1330 1030 1375 si
1054 1329 1147 1376 hoc
1175 1345 1274 1375 non
1296 1327 1442 1374 hodie

414 1400 675 1447 effecissem.

611 1487 639 1518 B
677 1486 713 1518 A
748 1487 780 1519 L
814 1487 845 1519 L
882 1487 903 1518 1
941 1486 991 1519 ο.

163 1543 288 1619 Egit,
323 1546 408 1594 ubi
429 1558 477 1594 te
503 1548 693 1594 'ulciscar
708 1582 722 1605 ,
757 1549 793 1593 si
818 1549 944 1594 vivo.

515 1641 546 1675 P
580 1641 603 1674 s
638 1641 668 1673 Ε
706 1640 742 1673 U
778 1642 813 1674 D
858 1641 890 1674 o
927 1641 957 1673 L
995 1641 1030 1674 U
1068 1641 1106 1674 s.

617 1702 752 1772 Quid
783 1703 1030 1748 minitare?
1061 1701 1215 1748 habeo
1239 1712 1442 1766 tergum.

616 1788 646 1823 Β
682 1790 718 1823 A
752 1791 783 1824 L
818 1790 849 1823 L
884 1790 905 1822 1
943 1789 993 1822 ο.

163 1839 266 1908 Age
295 1858 416 1892 sane.

520 1924 551 1958 P
585 1924 608 1958 S
643 1924 675 1958 E
710 1922 746 1957 U
781 1923 816 1956 D
859 1923 892 1956 Ο
928 1921 960 1955 1.
996 1921 1032 1956 U
1070 1921 1108 1957 S.

327 1984 476 2048 Igitur
503 1986 620 2032 redi.

493 2079 498 2082 ·
622 2073 652 2104 B
687 2072 723 2105 A
757 2074 788 2106 L
823 2073 854 2106 L
890 2073 912 2105 1
947 2074 997 2107 o.

525 2133 664 2201 Quid
691 2134 917 2180 redeam?

522 2224 552 2257 1²
590 2225 612 2257 s
648 2225 678 2256 E
715 2225 751 2257 U
787 2227 823 2258 D
858 2227 890 2259 ο
930 2226 960 2258 L
991 2226 1028 2258 U
1064 2226 1102 2259 s.

633 2282 755 2329 Redi
770 2285 950 2334 mod0;
975 2298 1078 2329 non
1101 2284 1186 2329 eris
1208 2282 1443 2343 deceptus.

617 2369 647 2402 Β
683 2369 720 2401 A
752 2369 784 2402 1.
816 2369 847 2402 L
881 2368 904 2401 1
942 2368 991 2401 o.

173 2420 352 2469 Redeo.

1120 2492 1219 2551 P4
