1598 2814
105 159 274 230 ωδ*
380 169 707 220 -ACTUS
759 171 796 216 1.
846 169 953 218 sc.
1004 171 1084 217 11.
1296 186 1384 231 51⁷

106 282 205 331 Sed
221 283 334 330 haec
352 282 458 344 quis
480 281 685 329 mulier?
720 279 1001 341 Astaphium
1025 290 1094 326 est
1112 280 1341 327 ancillula.

107 356 235 403 Cum
265 371 318 403 ea
350 363 552 417 quoque
580 353 723 400 etiam
749 352 867 399 mihi
892 351 986 398 fuit
1015 354 1354 400 conmercium.

442 519 1025 578 ,SCENAJL

161 674 725 713 ASTAPHIUM,
792 672 1343 710 DINARCHUS.

463 823 1060 858 ASTAPHIUM.

109 878 252 989 AD
281 940 404 989 fores
429 943 717 999 auscultato,
752 941 912 1003 adque
942 957 1070 989 serva
1095 943 1174 988 has
1201 943 1324 990 aedis
1342 979 1357 1001 ,

112 1011 188 1057 Ne
212 1013 318 1074 quis
341 1013 572 1059 adventor
597 1013 780 1076 gravior
800 1013 936 1059 abeat
956 1030 1102 1074 quam
1125 1013 1367 1065 adveniat;

111 1084 222 1131 Neu
249 1085 334 1146 qui
358 1101 526 1132 manus
548 1085 772 1131 adtulerit
802 1086 974 1132 steriles
997 1086 1120 1131 intro
1148 1087 1211 1132 ad
1243 1102 1328 1132 nos
1343 1122 1357 1142 ‚

113 1159 338 1207 Gravidas
379 1159 501 1206 foras
552 1170 785 1221 exportet.
838 1159 957 1206 novi
1003 1176 1091 1224 ego
1138 1161 1392 1206 hominum

362 1248 542 1282 mores;
896 1230 899 1232 Δ

113 1304 187 1350 Ita
213 1294 346 1352 nunc
374 1307 693 1352 adulescentes
719 1305 890 1351 morati
917 1315 1041 1350 sunt.
1069 1304 1188 1365 quin
1214 1305 1259 1351 ei

113 1379 182 1426 Ut
208 1380 369 1426 simitu
395 1380 656 1426 adveniunt
686 1379 748 1426 ad
770 1390 916 1425 scorta
943 1394 1230 1441 congerones
1243 1414 1262 1439 ,

116 1450 344 1497 Consulta
357 1463 469 1497 sunt
483 1443 672 1497 consilia
682 1485 697 1507 ‚
711 1450 905 1510 quando
924 1450 1051 1496 intro
1069 1451 1364 1499 advenerunt
1376 1472 1389 1503 3

114 1521 252 1568 Unus
262 1539 430 1569 eorum
443 1523 611 1583 aliquis
621 1523 837 1567 osculum
847 1523 1023 1566 amicae
1032 1538 1183 1582 usque
1197 1526 1388 1587 oggerit.

117 1595 255 1642 Dum
269 1595 339 1641 illi
358 1607 504 1659 agunt
524 1595 658 1656 quod
679 1605 827 1657 agtmt
842 1628 856 1651 ‚
874 1606 986 1640 sunt
1007 1596 1148 1640 ceteri
1176 1598 1355 1657 cleptae
1368 1599 1396 1626 ss

116 1667 201 1714 Sin
226 1667 421 1714 videant
449 1668 724 1729 quempiam
755 1683 801 1712 se
831 1683 1080 1724 asservare,
1116 1668 1393 1727 obludunt,

272 1735 275 1737 Δ
379 1740 464 1802 qui
491 1740 741 1787 custodem

121 1813 382 1860 Oblectent
401 1830 486 1875 per
503 1815 724 1878 joculum
741 1824 789 1860 et
806 1813 1001 1862 ludum:
1030 1815 1093 1862 de
1116 1826 1277 1863 nostro
1300 1829 1403 1865 sae-

375 1902 440 1947 pe
470 1886 621 1932 edunt
637 1919 653 1943 ‚
669 1920 672 1922 -
686 1885 823 1946 quod

119 1958 158 2004 F
158 1968 328 2005 artores
344 1956 536 2004 faciuht.
567 1959 622 2004 fit
641 1959 835 2020 polhoc
847 1991 863 2015 ,
894 1968 942 2004 et
958 1975 1060 2020 pars
1079 1970 1398 2021 spectatorum

375 2041 496 2076 scltls
774 2057 781 2059 f

0 2111 41 2149 A,
121 2104 239 2160 Pol,
269 2103 384 2149 haec
408 2119 492 2150 vos
520 2117 599 2147 me
625 2100 754 2147 haud
776 2103 980 2149 mentiri.

122 2177 200 2224 lbi
225 2187 292 2223 est
325 2176 431 2223 ibus
462 2190 650 2238 pugnae
680 2184 728 2220 et
755 2175 920 2221 virtuti
934 2210 950 2234 ,
985 2176 1045 2222 de
1079 2177 1398 2238 praedonibus

377 2248 600 2311 praedam
629 2263 806 2309 capere.

124 2318 188 2367 At
206 2336 293 2369 nos
320 2337 507 2368 rursum
534 2319 692 2383 lepide
719 2318 965 2367 referimus
991 2319 1192 2383 gratiam*
1219 2319 1399 2368 furibus

382 2393 571 2440 nostris:

1025 2464 1065 2509 K
1084 2465 1114 2511 k
1149 2480 1174 2524 3
1228 2513 1232 2514 ⁷
