1630 2866
229 161 328 212 394·
635 149 1130 204 STICHUS.'
1394 170 1516 220 v.37

228 253 423 318 Peregre
454 252 734 314 advexerat,
771 259 904 318 quasi
935 276 1066 308 nunc
1090 274 1171 309 tu:
1201 263 1284 311 sed
1313 265 1392 311 ille
1424 275 1519 312 erat

448 357 450 359 -
487 328 667 374 caelebs
695 346 839 377 senex
856 366 872 390 ,

227 398 378 469 Quasi
410 418 497 464 ego
520 419 652 449 nunc
681 421 802 452 sum.

487 500 1267 538 PAMPHILIPPUS.
1392 541 1397 546 ,

290 560 438 627 Perge
459 580 616 625 porro.
636 581 850 627 praesens
868 567 944 613 hic
965 567 1167 628 quidem
1182 575 1249 612 est
1267 567 1506 632 apologus.

649 662 684 695 A
717 664 752 697 N
789 664 820 697 T
856 665 877 697 1
912 666 940 698 P
979 665 1013 698 Η
1050 665 1095 698 ο.

221 718 412 767 Deinde
437 739 579 768 senex
606 724 685 770 ille
714 725 783 770 illi
803 725 949 784 dixit,
977 727 1149 790 quojus
1170 735 1269 772 erat
1295 725 1515 784 tibicina,

223 793 374 862 Quasi
401 812 489 860 ego
512 812 645 843 nunc
672 799 762 845 tibi
788 799 910 847 dico.

485 890 1258 928 PAMPHILIPPUS.

415 949 647 997 Ausculto
661 986 675 1009 ,
701 964 846 1014 atque
864 955 1082 1002 animum
1101 955 1304 1001 advorto
1328 953 1512 1000 sedulo.

651 1044 686 1076 A
723 1045 756 1078 N
793 1046 824 1078 Τ
860 1047 882 1078 1
919 1045 949 1079 P
989 1047 1024 1080 H
1059 1047 1106 1080 o.

219 1100 322 1166 Ego
351 1104 439 1149 tibi
470 1121 630 1153 meam
653 1106 799 1153 filiam
816 1141 832 1166 ‚
863 1107 987 1154 bene
1020 1108 1218 1169 quicum
1244 1107 1476 1155 cubitares
1496 1142 1512 1167 ,

477 1177 621 1223 dedi:

218 1249 360 1297 Nunc
390 1250 511 1297 mihi
545 1251 682 1298 reddi
713 1269 800 1316 ego
824 1268 1035 1313 aequom
1066 1268 1161 1302 esse
1191 1253 1272 1301 abs
1294 1264 1342 1300 te
1359 1288 1373 1312 ,
1398 1255 1516 1316 qui-

474 1341 588 1373 cum
614 1326 853 1384 cubitem,
887 1341 1070 1372 censeo.

484 1417 1271 1454 PAMPHILIPPUS.

214 1480 340 1549 Quis
367 1481 486 1527 istuc
520 1480 666 1527 dicit?
697 1498 757 1527 an
783 1482 893 1538 isse,
924 1481 1056 1542 quasi
1081 1480 1176 1527 tu?

645 1575 681 1609 A
718 1577 754 1610 N
790 1577 822 1610 'r
857 1577 878 1610 1
914 1577 944 1609 P
983 1576 1018 1609 Η
1055 1577 1102 1610 o.

814 1637 963 1705 Quasi
994 1653 1081 1700 ego
1111 1629 1241 1683 nunc
1268 1635 1374 1682 dico
1404 1637 1506 1683 tibi.

219 1707 378 1755 Immo
399 1710 513 1756 duas
543 1708 694 1766 dabo,
719 1709 882 1770 inquit
909 1708 988 1754 ille
1017 1708 1318 1767 adulescens„
1352 1724 1450 1754 una
1471 1709 1514 1754 si>

473 1799 646 1844 patum
668 1783 748 1827 ’stz

218 1856 279 1903 Et
297 1857 333 1903 si
361 1856 567 1903 duarum
589 1854 886 1919 poenitebit,
904 1854 1086 1915 inquit,
1106 1824 1344 1902 addentur
1363 1854 1499 1902 duae.

484 1947 1268 1985 PAMPHILIPPUS.

216 2021 338 2089 Quis
358 2021 497 2078 istuc,
520 2017 730 2082 quaeso?
751 2033 812 2064 an
834 2018 915 2064 ille
930 2051 944 2076 ,
967 2018 1100 2079 quasi
1120 2033 1209 2083 ego
1226 2018 1251 2064 ἓ

633 2111 670 2146 Α
705 2113 740 2146 Ν
780 2113 812 2146 Τ
849 2111 868 2145 1
905 2112 934 2146 P
973 2113 1008 2146 H
1047 2111 1096 2146 Ο.

737 2174 780 2218 Is
810 2173 908 2234 ipse
924 2207 937 2230 ,
967 2172 1100 2233 quasi
1128 2183 1196 2218 tu.
1230 2180 1335 2216 tum
1363 2184 1506 2215 senex

218 2247 330 2303 Ille,
352 2247 482 2308 quasi
502 2224 615 2310 ego,
636 2246 672 2292 si
687 2247 756 2293 vis
770 2279 783 2304 ‚
802 2246 964 2307 inquit
977 2279 991 2303 ,
1011 2256 1218 2307 quatuor
1233 2258 1340 2289 sane
1364 2241 1503 2294 dato;

217 2318 350 2366 Dum
368 2320 615 2384 equidem,
628 2320 802 2377 hercle,
823 2319 960 2381 quod
976 2319 1136 2376 edant,
1152 2315 1316 2363 addas.
1337 2332 1503 2363 meum

471 2411 534 2442 ne
552 2405 874 2443 contruncent
895 2394 1076 2442 cibum.
