1630 2866
138 164 271 208 270
449 141 743 197 ACTUS
795 151 834 197 Ι.
885 150 992 200 SC.
1040 153 1120 200 ΙΙ.
1363 171 1429 218 15

141 258 270 307 Inest
297 257 465 303 amoris
497 259 682 304 macula
708 258 819 305 huic
853 259 1039 305 homini
1065 260 1117 306 in
1151 272 1382 324 pectore,

139 327 254 376 Sine
284 329 462 379 damno
484 346 659 394 magno
688 347 811 391 quae
837 332 932 378 elui
955 333 1242 394 neutiquam
1256 347 1429 398 potest.

139 403 311 464 Itaque
339 403 416 451 hic
442 405 658 450 scelestus
690 416 758 451 est
789 406 938 453 homo
961 408 1072 453 leno
1103 407 1261 471 Lycus
1279 445 1296 470 ,

138 477 277 545 Quoi
293 477 396 541 jam
435 477 666 523 infortuni
698 478 879 525 intenta
909 480 1091 526 ballista
1120 493 1187 527 est
1212 483 1398 544 probe,

133 551 304 619 Quam
337 566 425 614 ego
449 550 580 596 haud
607 552 764 598 multo
789 564 898 615 post
914 554 1102 600 mittam
1123 570 1149 600 e
1166 555 1430 604 ballistaria

143 623 243 670 Sed
261 622 602 686 Adelphasium
619 641 777 673 eccam
799 628 924 686 exit,
954 641 1099 691 atque
1115 628 1426 679 Anterastilis!

148 697 279 745 Haec
309 710 377 745 est
403 700 531 761 prior
549 734 565 758 ‚
599 715 722 762 quae
754 718 920 750 meum
946 704 1119 751 herum
1150 704 1427 755 dementem

396 771 519 819 facit.

143 842 241 891 Sed
270 846 491 891 evocabo.
523 846 664 893 heus!
694 847 712 892 i
738 847 882 906 foras,
914 847 1263 914 Agorastocles»,

145 914 197 964 Si
220 917 288 963 vis
316 917 479 964 videre
505 919 646 964 ludos
664 920 1064 982 jucundissumos.

395 1009 1192 1053 AGORASTOCLES.

142 1067 280 1138 Quid
306 1069 424 1116 istuc
450 1072 650 1117 tumulti
673 1072 754 1131 ’st‚
788 1073 1032 1137 Milphio?

549 1165 997 1204 MILPHIO.

921 1231 1078 1278 Hem!
1110 1250 1290 1285 amores
1316 1250 1425 1289 tuos

135 1288 187 1338 Si
206 1290 278 1337 vis
306 1303 526 1353 spectare.

230 1380 252 1385 “’
386 1388 1176 1431 AGORAs'rocLEs.

555 1448 604 1494 O
633 1451 786 1496 multa
810 1451 898 1497 tibi
924 1452 1006 1498 Dii
1040 1455 1156 1502 dent
1182 1457 1333 1504 bona!

112 1507 306 1586 'Quom
334 1519 453 1565 mihi
483 1521 579 1567 hoc
610 1522 822 1570 obtulisti
856 1535 956 1572 tam
988 1529 1207 1591 lepidum
1238 1543 1421 1593 specta-

388 1592 564 1639 culum.

518 1738 848 1789 SCENA
922 1745 1024 1791 II.

135 1873 1412 1937 ADELPHASIUM,ANTERAST1LLQ

231 1945 1317 2026 MJL?H10,A60RAST00LES.

586 2071 958 2112 ANCILLA

395 2192 1126 2244 ADELPHASIUM.

138 2241 275 2354 NE
290 2320 443 2355 GOTI
475 2312 562 2359 sibi
590 2315 674 2375 qui
701 2318 834 2365 volet
853 2321 955 2369 vim
982 2340 1173 2385 parare,

136 2376 321 2430 Navem
354 2394 404 2432 et
426 2386 708 2450 mulierem,
736 2390 852 2441 haee
881 2394 983 2443 duo
1015 2411 1280 2462 conpatata
