<?xml version="1.0" encoding="UTF-8"?>
<!DOCTYPE html PUBLIC "-//W3C//DTD XHTML 1.0 Transitional//EN"
    "http://www.w3.org/TR/xhtml1/DTD/xhtml1-transitional.dtd">
<html xmlns="http://www.w3.org/1999/xhtml" xml:lang="en" lang="en">
 <head>
  <title>
</title>
<meta http-equiv="Content-Type" content="text/html;charset=utf-8" />
  <meta name='ocr-system' content='tesseract 3.04.00' />
  <meta name='ocr-capabilities' content='ocr_page ocr_carea ocr_par ocr_line ocrx_word'/>
</head>
<body>
  <div class='ocr_page' id='page_1' title='image "./comoediaesuperst03plauuoft_0032.png"; bbox 0 0 1630 2866; ppageno 0'>
   <div class='ocr_carea' id='block_1_1' title="bbox 198 184 1480 242">
    <p class='ocr_par' dir='ltr' id='par_1_1' title="bbox 198 184 1480 242">
     <span class='ocr_line' id='line_1_1' title="bbox 198 184 1480 242; baseline 0.008 -10"><span class='ocrx_word' id='word_1_1' title='bbox 198 185 267 238; x_wconf 15' lang='lat'>*26</span> <span class='ocrx_word' id='word_1_2' title='bbox 541 184 1125 236; x_wconf 87' lang='lat' dir='ltr'><strong>POENULUS.</strong></span> <span class='ocrx_word' id='word_1_3' title='bbox 1321 205 1480 242; x_wconf 75' lang='lat' dir='ltr'><strong>v.12·2</strong></span> 
     </span>
    </p>
   </div>
   <div class='ocr_carea' id='block_1_2' title="bbox 198 306 1406 436">
    <p class='ocr_par' dir='ltr' id='par_1_2' title="bbox 198 306 1406 436">
     <span class='ocr_line' id='line_1_2' title="bbox 489 306 1222 342; baseline 0.001 -3"><span class='ocrx_word' id='word_1_4' title='bbox 489 306 1222 342; x_wconf 87' lang='lat' dir='ltr'>ADELPHASIUM.</span> 
     </span>
     <span class='ocr_line' id='line_1_3' title="bbox 198 367 1406 436; baseline 0.005 -24"><span class='ocrx_word' id='word_1_5' title='bbox 198 367 335 436; x_wconf 68' lang='lat' dir='ltr'>Quid</span> <span class='ocrx_word' id='word_1_6' title='bbox 368 378 422 414; x_wconf 87' lang='lat' dir='ltr'>tu</span> <span class='ocrx_word' id='word_1_7' title='bbox 455 370 579 434; x_wconf 79' lang='lat' dir='ltr'>agis?</span> <span class='ocrx_word' id='word_1_8' title='bbox 606 368 728 430; x_wconf 82' lang='lat' dir='ltr'>quid</span> <span class='ocrx_word' id='word_1_9' title='bbox 750 368 868 413; x_wconf 86' lang='lat' dir='ltr'>mihi</span> <span class='ocrx_word' id='word_1_10' title='bbox 892 370 1144 428; x_wconf 89' lang='lat' dir='ltr'>molestus,</span> <span class='ocrx_word' id='word_1_11' title='bbox 1175 371 1406 418; x_wconf 84' lang='lat' dir='ltr'>obsecro?</span> 
     </span>
    </p>
   </div>
   <div class='ocr_carea' id='block_1_3' title="bbox 196 467 1488 1040">
    <p class='ocr_par' dir='ltr' id='par_1_3' title="bbox 196 467 1488 1040">
     <span class='ocr_line' id='line_1_4' title="bbox 452 467 1246 506; baseline 0.005 -6"><span class='ocrx_word' id='word_1_12' title='bbox 452 467 1246 506; x_wconf 84' lang='lat' dir='ltr'>AGORASTOCLES.</span> 
     </span>
     <span class='ocr_line' id='line_1_5' title="bbox 986 529 1480 580; baseline 0 -3"><span class='ocrx_word' id='word_1_13' title='bbox 986 529 1064 577; x_wconf 87' lang='lat' dir='ltr'>Ah</span> <span class='ocrx_word' id='word_1_14' title='bbox 1078 532 1100 577; x_wconf 84' lang='lat'>?</span> <span class='ocrx_word' id='word_1_15' title='bbox 1130 542 1230 578; x_wconf 87' lang='lat' dir='ltr'>tam</span> <span class='ocrx_word' id='word_1_16' title='bbox 1261 532 1480 580; x_wconf 84' lang='lat' dir='ltr'>saeviter!</span> 
     </span>
     <span class='ocr_line' id='line_1_6' title="bbox 491 623 1224 660; baseline 0.004 -4"><span class='ocrx_word' id='word_1_17' title='bbox 491 623 1224 660; x_wconf 82' lang='lat' dir='ltr'>ADELPHASIUM.</span> 
     </span>
     <span class='ocr_line' id='line_1_7' title="bbox 196 681 579 742; baseline 0.008 -16"><span class='ocrx_word' id='word_1_18' title='bbox 196 681 363 742; x_wconf 82' lang='lat' dir='ltr'>Mitte,</span> <span class='ocrx_word' id='word_1_19' title='bbox 397 683 579 729; x_wconf 76' lang='lat' dir='ltr'>amabo&#39;.</span> 
     </span>
     <span class='ocr_line' id='line_1_8' title="bbox 455 777 1246 815; baseline 0.003 -5"><span class='ocrx_word' id='word_1_20' title='bbox 455 777 1246 815; x_wconf 22' lang='lat' dir='ltr'>AGJORASTOCLES.</span> 
     </span>
     <span class='ocr_line' id='line_1_9' title="bbox 492 838 1392 907; baseline 0.003 -24"><span class='ocrx_word' id='word_1_21' title='bbox 492 838 631 907; x_wconf 71' lang='lat' dir='ltr'><strong>Quid</strong></span> <span class='ocrx_word' id='word_1_22' title='bbox 658 838 875 885; x_wconf 83' lang='lat' dir='ltr'>festinas?</span> <span class='ocrx_word' id='word_1_23' title='bbox 905 840 1045 886; x_wconf 84' lang='lat' dir='ltr'>turba</span> <span class='ocrx_word' id='word_1_24' title='bbox 1074 850 1203 885; x_wconf 87' lang='lat' dir='ltr'>nunc</span> <span class='ocrx_word' id='word_1_25' title='bbox 1225 839 1292 885; x_wconf 82' lang='lat' dir='ltr'>illi</span> <span class='ocrx_word' id='word_1_26' title='bbox 1317 851 1392 886; x_wconf 85' lang='lat' dir='ltr'>est.</span> 
     </span>
     <span class='ocr_line' id='line_1_10' title="bbox 486 937 1396 1039; baseline 0.005 -68"><span class='ocrx_word' id='word_1_27' title='bbox 486 937 1218 975; x_wconf 84' lang='lat' dir='ltr'>ADELPHASIUM.</span> <span class='ocrx_word' id='word_1_28' title='bbox 1365 992 1396 1039; x_wconf 85' lang='lat' dir='ltr'>S</span> 
     </span>
     <span class='ocr_line' id='line_1_11' title="bbox 1399 1011 1488 1040; baseline 0.022 -2"><span class='ocrx_word' id='word_1_29' title='bbox 1399 1011 1488 1040; x_wconf 78' lang='lat' dir='ltr'>cro.</span> 
     </span>
    </p>
   </div>
   <div class='ocr_carea' id='block_1_4' title="bbox 195 1056 1488 1177">
    <p class='ocr_par' dir='ltr' id='par_1_4' title="bbox 195 1056 1488 1177">
     <span class='ocr_line' id='line_1_12' title="bbox 195 1056 1488 1126; baseline 0.005 -21"><span class='ocrx_word' id='word_1_30' title='bbox 195 1056 317 1105; x_wconf 87' lang='lat' dir='ltr'><strong>Sunt</strong></span> <span class='ocrx_word' id='word_1_31' title='bbox 344 1059 412 1104; x_wconf 87' lang='lat' dir='ltr'>illi</span> <span class='ocrx_word' id='word_1_32' title='bbox 438 1060 552 1104; x_wconf 84' lang='lat' dir='ltr'>aliae</span> <span class='ocrx_word' id='word_1_33' title='bbox 567 1093 580 1115; x_wconf 90' lang='lat'>,</span> <span class='ocrx_word' id='word_1_34' title='bbox 610 1075 724 1119; x_wconf 84' lang='lat' dir='ltr'>quas</span> <span class='ocrx_word' id='word_1_35' title='bbox 750 1070 957 1121; x_wconf 87' lang='lat' dir='ltr'>spectare</span> <span class='ocrx_word' id='word_1_36' title='bbox 987 1078 1101 1125; x_wconf 85' lang='lat' dir='ltr'>eg0‚</span> <span class='ocrx_word' id='word_1_37' title='bbox 1133 1074 1181 1109; x_wconf 83' lang='lat' dir='ltr'>et</span> <span class='ocrx_word' id='word_1_38' title='bbox 1205 1080 1285 1110; x_wconf 88' lang='lat' dir='ltr'>me</span> <span class='ocrx_word' id='word_1_39' title='bbox 1308 1077 1488 1126; x_wconf 85' lang='lat' dir='ltr'>specta-</span> 
     </span>
     <span class='ocr_line' id='line_1_13' title="bbox 450 1132 651 1177; baseline -0.01 0"><span class='ocrx_word' id='word_1_40' title='bbox 450 1132 492 1177; x_wconf 85' lang='lat' dir='ltr'>ri</span> <span class='ocrx_word' id='word_1_41' title='bbox 522 1132 651 1177; x_wconf 87' lang='lat' dir='ltr'>volo.</span> 
     </span>
    </p>
   </div>
   <div class='ocr_carea' id='block_1_5' title="bbox 182 1228 1488 1410">
    <p class='ocr_par' dir='ltr' id='par_1_5' title="bbox 182 1228 1488 1410">
     <span class='ocr_line' id='line_1_14' title="bbox 231 1228 1244 1272; baseline 0.001 -11"><span class='ocrx_word' id='word_1_42' title='bbox 231 1269 237 1272; x_wconf 21' lang='grc' dir='ltr'><em>ν</em></span> <span class='ocrx_word' id='word_1_43' title='bbox 451 1228 1244 1267; x_wconf 82' lang='lat' dir='ltr'><strong>AGORASTOGLES.</strong></span> 
     </span>
     <span class='ocr_line' id='line_1_15' title="bbox 182 1291 1488 1362; baseline 0.001 -24"><span class='ocrx_word' id='word_1_44' title='bbox 182 1292 296 1362; x_wconf 45' lang='lat' dir='ltr'>*Qui</span> <span class='ocrx_word' id='word_1_45' title='bbox 328 1291 468 1338; x_wconf 90' lang='lat' dir='ltr'>lubet</span> <span class='ocrx_word' id='word_1_46' title='bbox 508 1303 714 1353; x_wconf 76' lang='lat' dir='ltr'>spectare</span> <span class='ocrx_word' id='word_1_47' title='bbox 758 1304 946 1354; x_wconf 87' lang='lat' dir='ltr'><strong>turpes,</strong></span> <span class='ocrx_word' id='word_1_48' title='bbox 985 1293 1238 1354; x_wconf 87' lang='lat' dir='ltr'>pulchram</span> <span class='ocrx_word' id='word_1_49' title='bbox 1273 1304 1488 1355; x_wconf 86' lang='lat' dir='ltr'>spectan-</span> 
     </span>
     <span class='ocr_line' id='line_1_16' title="bbox 449 1364 735 1410; baseline 0 0"><span class='ocrx_word' id='word_1_50' title='bbox 449 1364 559 1410; x_wconf 88' lang='lat' dir='ltr'>dam</span> <span class='ocrx_word' id='word_1_51' title='bbox 592 1365 735 1410; x_wconf 83' lang='lat' dir='ltr'>dare?</span> 
     </span>
    </p>
   </div>
   <div class='ocr_carea' id='block_1_6' title="bbox 194 1448 1493 2324">
    <p class='ocr_par' dir='ltr' id='par_1_6' title="bbox 494 1448 1226 1500">
     <span class='ocr_line' id='line_1_17' title="bbox 494 1448 1226 1500; baseline 0.004 -5"><span class='ocrx_word' id='word_1_52' title='bbox 494 1448 1226 1500; x_wconf 65' lang='lat' dir='ltr'>ADELPHAsrum.</span> 
     </span>
    </p>

    <p class='ocr_par' dir='ltr' id='par_1_7' title="bbox 194 1522 1490 1642">
     <span class='ocr_line' id='line_1_18' title="bbox 194 1522 1490 1592; baseline 0.002 -24"><span class='ocrx_word' id='word_1_53' title='bbox 194 1524 325 1592; x_wconf 68' lang='lat' dir='ltr'>Quia</span> <span class='ocrx_word' id='word_1_54' title='bbox 358 1523 488 1584; x_wconf 86' lang='lat' dir='ltr'>apud</span> <span class='ocrx_word' id='word_1_55' title='bbox 523 1523 691 1568; x_wconf 85' lang='lat' dir='ltr'>aedem</span> <span class='ocrx_word' id='word_1_56' title='bbox 723 1522 917 1570; x_wconf 84' lang='lat' dir='ltr'>Veneris</span> <span class='ocrx_word' id='word_1_57' title='bbox 954 1524 1099 1571; x_wconf 86' lang='lat' dir='ltr'>hodie</span> <span class='ocrx_word' id='word_1_58' title='bbox 1143 1537 1211 1572; x_wconf 84' lang='lat' dir='ltr'>est</span> <span class='ocrx_word' id='word_1_59' title='bbox 1255 1535 1490 1572; x_wconf 84' lang='lat' dir='ltr'>mercatus</span> 
     </span>
     <span class='ocr_line' id='line_1_19' title="bbox 451 1607 752 1642; baseline 0.003 -1"><span class='ocrx_word' id='word_1_60' title='bbox 451 1607 752 1642; x_wconf 75' lang='lat' dir='ltr'>meretrlclus.</span> 
     </span>
    </p>

    <p class='ocr_par' dir='ltr' id='par_1_8' title="bbox 198 1665 1488 1874">
     <span class='ocr_line' id='line_1_20' title="bbox 198 1665 1488 1731; baseline -0.005 -15"><span class='ocrx_word' id='word_1_61' title='bbox 198 1669 268 1716; x_wconf 86' lang='lat' dir='ltr'>Eo</span> <span class='ocrx_word' id='word_1_62' title='bbox 307 1669 604 1715; x_wconf 87' lang='lat' dir='ltr'>conveniunt</span> <span class='ocrx_word' id='word_1_63' title='bbox 631 1681 934 1716; x_wconf 82' lang='lat' dir='ltr'>mercatores:</span> <span class='ocrx_word' id='word_1_64' title='bbox 967 1669 1035 1715; x_wconf 87' lang='lat' dir='ltr'>ibi</span> <span class='ocrx_word' id='word_1_65' title='bbox 1067 1683 1154 1731; x_wconf 85' lang='lat' dir='ltr'>ego</span> <span class='ocrx_word' id='word_1_66' title='bbox 1183 1682 1263 1710; x_wconf 87' lang='lat' dir='ltr'>me</span> <span class='ocrx_word' id='word_1_67' title='bbox 1301 1665 1488 1711; x_wconf 87' lang='lat' dir='ltr'>ostendi</span> 
     </span>
     <span class='ocr_line' id='line_1_21' title="bbox 452 1742 577 1788; baseline -0.016 -2"><span class='ocrx_word' id='word_1_68' title='bbox 452 1742 577 1788; x_wconf 87' lang='lat' dir='ltr'>volo.</span> 
     </span>
     <span class='ocr_line' id='line_1_22' title="bbox 455 1832 1244 1874; baseline -0.003 -6"><span class='ocrx_word' id='word_1_69' title='bbox 455 1832 1244 1874; x_wconf 79' lang='lat' dir='ltr'><strong>AGORASTOCLES.</strong></span> 
     </span>
    </p>

    <p class='ocr_par' dir='ltr' id='par_1_9' title="bbox 201 1893 1493 2014">
     <span class='ocr_line' id='line_1_23' title="bbox 201 1893 1493 1954; baseline -0.002 -11"><span class='ocrx_word' id='word_1_70' title='bbox 201 1896 495 1943; x_wconf 81' lang='lat' dir='ltr'>Invendibili</span> <span class='ocrx_word' id='word_1_71' title='bbox 541 1911 701 1941; x_wconf 86' lang='lat' dir='ltr'>merce</span> <span class='ocrx_word' id='word_1_72' title='bbox 743 1904 936 1954; x_wconf 83' lang='lat' dir='ltr'>oportet</span> <span class='ocrx_word' id='word_1_73' title='bbox 974 1895 1102 1941; x_wconf 87' lang='lat' dir='ltr'>ultro</span> <span class='ocrx_word' id='word_1_74' title='bbox 1144 1905 1376 1940; x_wconf 88' lang='lat' dir='ltr'>emtorem</span> <span class='ocrx_word' id='word_1_75' title='bbox 1409 1893 1493 1940; x_wconf 87' lang='lat' dir='ltr'>ad·-</span> 
     </span>
     <span class='ocr_line' id='line_1_24' title="bbox 462 1969 660 2014; baseline -0.005 -1"><span class='ocrx_word' id='word_1_76' title='bbox 462 1969 660 2014; x_wconf 87' lang='lat' dir='ltr'>ducere:</span> 
     </span>
    </p>

    <p class='ocr_par' dir='ltr' id='par_1_10' title="bbox 199 2040 1486 2163">
     <span class='ocr_line' id='line_1_25' title="bbox 199 2040 1486 2101; baseline -0.002 -12"><span class='ocrx_word' id='word_1_77' title='bbox 199 2043 351 2089; x_wconf 83' lang='lat' dir='ltr'>Proba</span> <span class='ocrx_word' id='word_1_78' title='bbox 385 2059 521 2088; x_wconf 83' lang='lat' dir='ltr'>merx</span> <span class='ocrx_word' id='word_1_79' title='bbox 548 2041 682 2087; x_wconf 83' lang='lat' dir='ltr'>facile</span> <span class='ocrx_word' id='word_1_80' title='bbox 717 2052 951 2086; x_wconf 87' lang='lat' dir='ltr'>emtorem</span> <span class='ocrx_word' id='word_1_81' title='bbox 979 2040 1176 2101; x_wconf 85' lang='lat' dir='ltr'>reperit,</span> <span class='ocrx_word' id='word_1_82' title='bbox 1211 2040 1397 2086; x_wconf 87' lang='lat' dir='ltr'>tametsi</span> <span class='ocrx_word' id='word_1_83' title='bbox 1435 2041 1486 2086; x_wconf 87' lang='lat' dir='ltr'>in</span> 
     </span>
     <span class='ocr_line' id='line_1_26' title="bbox 454 2116 869 2163; baseline -0.007 0"><span class='ocrx_word' id='word_1_84' title='bbox 454 2117 663 2163; x_wconf 83' lang='lat' dir='ltr'>abstruso</span> <span class='ocrx_word' id='word_1_85' title='bbox 693 2116 779 2162; x_wconf 84' lang='lat' dir='ltr'>sita</span> <span class='ocrx_word' id='word_1_86' title='bbox 804 2116 869 2161; x_wconf 88' lang='lat' dir='ltr'>&#39;st.</span> 
     </span>
    </p>

    <p class='ocr_par' dir='ltr' id='par_1_11' title="bbox 200 2174 1488 2324">
     <span class='ocr_line' id='line_1_27' title="bbox 200 2174 1488 2261; baseline -0.005 -24"><span class='ocrx_word' id='word_1_87' title='bbox 200 2190 340 2261; x_wconf 70' lang='lat' dir='ltr'><strong>Quid</strong></span> <span class='ocrx_word' id='word_1_88' title='bbox 367 2191 428 2236; x_wconf 82' lang='lat' dir='ltr'>ais</span> <span class='ocrx_word' id='word_1_89' title='bbox 462 2190 548 2235; x_wconf 83' lang='lat' dir='ltr'>tu?</span> <span class='ocrx_word' id='word_1_90' title='bbox 586 2174 785 2250; x_wconf 56' lang='lat' dir='ltr'>quan&amp;</span> <span class='ocrx_word' id='word_1_91' title='bbox 816 2188 883 2232; x_wconf 78' lang='lat' dir='ltr'>illi</span> <span class='ocrx_word' id='word_1_92' title='bbox 915 2188 1046 2249; x_wconf 88' lang='lat' dir='ltr'>apud</span> <span class='ocrx_word' id='word_1_93' title='bbox 1079 2204 1158 2234; x_wconf 92' lang='lat' dir='ltr'>me</span> <span class='ocrx_word' id='word_1_94' title='bbox 1188 2202 1379 2234; x_wconf 87' lang='lat' dir='ltr'>mecum</span> <span class='ocrx_word' id='word_1_95' title='bbox 1412 2201 1488 2231; x_wconf 88' lang='lat' dir='ltr'>ca·-</span> 
     </span>
     <span class='ocr_line' id='line_1_28' title="bbox 452 2253 1423 2324; baseline -0.002 -16"><span class='ocrx_word' id='word_1_96' title='bbox 452 2274 544 2324; x_wconf 88' lang='lat' dir='ltr'>put</span> <span class='ocrx_word' id='word_1_97' title='bbox 579 2273 627 2308; x_wconf 90' lang='lat' dir='ltr'>et</span> <span class='ocrx_word' id='word_1_98' title='bbox 652 2277 822 2322; x_wconf 89' lang='lat' dir='ltr'>corpus</span> <span class='ocrx_word' id='word_1_99' title='bbox 847 2261 1071 2322; x_wconf 81' lang='lat' dir='ltr'>copulas?</span> <span class='ocrx_word' id='word_1_100' title='bbox 1418 2253 1423 2257; x_wconf 64' lang='grc'><strong>’</strong></span> 
     </span>
    </p>
   </div>
   <div class='ocr_carea' id='block_1_7' title="bbox 205 2359 1452 2495">
    <p class='ocr_par' dir='ltr' id='par_1_12' title="bbox 205 2359 1452 2495">
     <span class='ocr_line' id='line_1_29' title="bbox 495 2359 1219 2398; baseline -0.01 0"><span class='ocrx_word' id='word_1_101' title='bbox 495 2359 1219 2398; x_wconf 79' lang='lat' dir='ltr'>ADELPHASIUM.</span> 
     </span>
     <span class='ocr_line' id='line_1_30' title="bbox 205 2420 1452 2495; baseline -0.005 -23"><span class='ocrx_word' id='word_1_102' title='bbox 205 2425 322 2495; x_wconf 70' lang='lat' dir='ltr'>Quo</span> <span class='ocrx_word' id='word_1_103' title='bbox 348 2427 426 2472; x_wconf 88' lang='lat' dir='ltr'>die</span> <span class='ocrx_word' id='word_1_104' title='bbox 445 2427 598 2474; x_wconf 87' lang='lat' dir='ltr'>Orcus</span> <span class='ocrx_word' id='word_1_105' title='bbox 621 2427 681 2472; x_wconf 78' lang='lat' dir='ltr'>ab</span> <span class='ocrx_word' id='word_1_106' title='bbox 699 2426 970 2472; x_wconf 85' lang='lat' dir='ltr'>Acherunte</span> <span class='ocrx_word' id='word_1_107' title='bbox 999 2433 1214 2469; x_wconf 81' lang='lat' dir='ltr'>mortuos</span> <span class='ocrx_word' id='word_1_108' title='bbox 1236 2420 1452 2466; x_wconf 82' lang='lat' dir='ltr'>amiserit.</span> 
     </span>
    </p>
   </div>
  </div>
 </body>
</html>
