1630 2866
235 192 331 239 114
586 171 1161 223 POENULUSI
1421 177 1526 227 v.6

237 285 324 335 Vae
354 286 505 333 misero
533 282 674 329 mihi!
701 282 896 348 periere,
922 284 1094 347 opinor0
1122 281 1418 348 duodeviginti
1438 288 1524 335 mi,-

483 374 593 406 nae,
621 359 697 420 qui
729 357 854 403 hasce
883 358 979 403 emi.
1513 365 1515 367 '

487 456 1285 493 AGORASTOCLES.

226 528 287 575 Et
312 540 360 576 tu
394 529 481 593 ipse
501 530 703 593 periisti,
735 528 871 592 Lyce:
913 525 1288 590 Carthaginienses
1316 539 1432 578 sunt.

713 628 746 662 L
785 628 817 661 Y
855 627 883 660 C
922 627 959 660 U
997 626 1037 660 S.

797 697 860 743 At
892 714 968 759 ego
989 714 1084 743 sum
1109 697 1322 763 perditus.
1374 705 1389 718 ⁰

710 798 747 834 Η
782 798 820 832 A
857 799 893 834 N
930 799 966 833 N
1004 798 1055 833 Ο.

1151 926 1162 937 ⁴
1181 850 1300 929 ¹Quis
1321 852 1392 899 hic
1418 851 1521 900 est?

228 924 450 974 Utrumvis
485 937 550 972 est
581 926 652 974 vel
686 926 804 976 leno,
841 926 913 974 vel
935 925 1106 990 Lycus.
1143 943 1188 973 m
1218 928 1423 976 servitute
1449 926 1519 974 lzic

475 1005 550 1065 qui
564 1004 695 1066 filias
719 1003 871 1048 habuit
898 1003 1052 1049 duas?

481 1102 1285 1139 AGoRAsTocLEs.

220 1176 279 1223 Et
308 1175 416 1221 mihi
455 1175 554 1220 auri
568 1173 658 1239 sur
689 1185 766 1219 est.

711 1273 747 1306 H
782 1272 818 1307 A
853 1274 891 1308 N
924 1272 960 1307 N
995 1272 1042 1306 Ο.

361 1343 536 1389 Bellum
555 1343 787 1393 hominem,
813 1361 935 1408 quem
952 1345 1131 1391 noveris.
1151 1341 1293 1391 Leno,
1312 1358 1512 1408 rapacem

226 1421 288 1470 Te
322 1438 409 1469 esse
434 1438 597 1487 semper
624 1421 787 1468 credidi
802 1441 816 1465 .·
845 1438 994 1471 verum,
1026 1424 1156 1467 etiam
1174 1421 1408 1487 furacem.
1440 1423 1516 1486 qui

900 1505 1061 1540 norunt
1089 1495 1247 1556 magis.

710 1594 742 1628 L
779 1594 815 1628 Y
850 1594 878 1627 C
914 1592 951 1626 U
987 1591 1024 1626 S.

1248 1645 1476 1692 Accedam.

218 1720 305 1766 Per
328 1736 406 1781 ego
442 1732 482 1765 te
518 1731 595 1766 tua
622 1737 770 1781 genua
802 1720 998 1768 obsecro,
1041 1730 1085 1766 et
1113 1718 1226 1766 hunc
1254 1733 1511 1783 cognatum.·

467 1814 589 1860 quem
621 1810 742 1843 tuum
773 1813 862 1843 esse
894 1798 1111 1859 intellego.

212 1873 401 1949 Quando
432 1873 525 1918 boni
554 1874 680 1921 estis,
717 1884 767 1918 ut
797 1873 921 1918 bonos
936 1872 1096 1938 facere
1123 1873 1325 1925 addecet,
1333 1874 1508 1941 facitej

472 1960 515 1994 et
543 1958 684 1995 vostro
715 1946 979 1994 subveniatis
1002 1949 1197 2014 supplici.

213 2027 321 2091 Jam
350 2027 517 2092 pridem
547 2024 736 2088 equidem
765 2026 874 2070 istas
891 2027 1008 2072 ‘scivi
1040 2043 1126 2071 esse
1153 2026 1332 2076 liberas,
1365 2038 1409 2074 et
1427 2044 1505 2075 ex·-

479 2102 748 2169 spectabam,
781 2104 821 2148 si
851 2105 946 2166 quis
974 2120 1045 2150 eas
1066 2117 1272 2151 assereret
1292 2123 1436 2152 manu.

211 2181 331 2230 Nam
346 2197 464 2228 meae
478 2196 657 2245 prorsus
677 2196 757 2225 non
775 2191 890 2226 sunt.
921 2192 1012 2227 tum
1041 2194 1184 2229 autem
1209 2200 1361 2229 aurum
1379 2193 1500 2229 tuum

462 2258 670 2308 reddam,
702 2258 815 2323 quod
843 2260 961 2326 apud
988 2278 1055 2307 me
1082 2273 1172 2307 est:
1424 2248 1429 2252 ¹

210 2338 271 2387 Et
289 2337 602 2408 jusjurandum
638 2337 742 2383 dabo
758 2373 774 2387 ,
817 2355 884 2385 me
921 2339 1134 2386 malitiose
1173 2337 1286 2384 nihil
1302 2336 1497 2401 secisse.

469 2416 782 2477 Agorastocles.
