1630 2866
208 155 298 201 3‘2‘2
400 103 412 113 ’
650 137 1076 188 RUDENS.
1376 141 1496 190 v.81

601 257 637 290 D
673 256 708 289 A
743 257 773 289 E
812 257 855 289 M
891 257 923 290 O
959 257 992 292 N
1030 258 1061 292 E
1100 258 1139 292 S·

209 319 322 366 Non
344 334 430 383 ego
448 328 495 364 te
514 317 812 379 conprimere
830 335 1026 380 possum
1048 319 1147 365 sine
1164 320 1291 367 malo
1304 320 1327 366 ἱ)

664 404 695 438 G
735 405 767 437 R
802 403 823 435 1
862 404 890 436 P
931 404 966 437 U
1005 403 1043 437 s.

1147 455 1198 503 Si
1221 458 1320 505 istic
1346 470 1498 519 tacet,

210 530 311 594 Ego
329 529 521 575 tacebo:
544 529 579 574 si
596 529 680 574 iste
697 530 939 590 loquitur,
954 531 1054 578 sine
1072 546 1151 578 me
1166 547 1255 594 pm
1273 549 1324 580 re
1340 549 1496 582 meam

460 615 645 665 partem
674 605 821 665 loqui.

600 692 636 724 D
677 692 711 724 A
750 692 779 724 E
817 692 859 724 Μ
896 693 929 726 O
968 692 1002 725 N
1036 691 1066 724 E
1105 690 1139 725 S.

210 751 343 799 Cedo
361 750 513 798 modo
537 751 654 797 mihi
671 751 815 798 istum
834 752 1054 799 vidulum
1069 786 1084 810 ,
1113 750 1276 814 Gripe.

668 836 701 870 G
736 838 770 872 R
805 839 827 872 1
865 840 896 873 P
931 839 967 872 U
1001 838 1037 872 s.
1099 852 1114 874 .>

1070 889 1370 938 Concredam
1396 891 1495 939 tibi.

208 962 272 1009 At
298 963 334 1008 si
352 963 550 1010 istorum
572 963 690 1009 nihil
709 963 789 1020 sit,
810 974 865 1008 ut
888 963 1006 1008 mihi
1022 963 1199 1010 reddas.

590 1048 627 1080 D
668 1048 703 1080 A
739 1048 769 1080 E
806 1048 849 1081 M
887 1049 919 1081 0
958 1050 990 1081 N
1029 1049 1071 1080 Ε·
1097 1048 1136 1082 s.

1100 1108 1362 1156 Reddetur.

662 1185 695 1219 G
731 1185 765 1218 R
803 1186 824 1218 1
859 1186 888 1218 P
927 1186 961 1219 U
999 1186 1034 1219 s.

1344 1237 1496 1285 Tene.

593 1311 1138 1349 DAEMoNEs.

204 1370 331 1419 Audi
352 1388 483 1419 nunc
506 1373 634 1437 jam,
662 1373 887 1420 Palaestra
912 1384 1060 1436 atque
1086 1373 1379 1436 Ampelisca,
1397 1375 1493 1421 hoc

457 1445 593 1507 quod
617 1446 806 1506 loquor.

203 1515 346 1563 Estne
363 1517 440 1564 hic
455 1517 664 1574 vidulus,
680 1517 766 1562 ubi
784 1517 1008 1563 cistellam
1023 1529 1159 1564 tuam
1173 1518 1319 1565 inesse
1336 1519 1458 1566 aibas
1471 1519 1494 1566 Ξ)

559 1602 1151 1637 PALAESTRA.

1217 1645 1240 1674 ⁶
1330 1656 1374 1701 Is
1405 1666 1488 1702 est.

666 1733 702 1767 G
734 1735 767 1768 R
803 1734 823 1766 1
860 1734 888 1766 P
927 1734 962 1767 U
999 1733 1034 1767 s.

202 1796 356 1854 Perii,
387 1795 569 1853 hercle,
602 1811 691 1859 ego
719 1795 882 1841 miser!
922 1806 979 1843 ut
996 1828 1010 1854 ,
1042 1794 1320 1857 priusquam
1347 1793 1489 1854 plane

462 1868 642 1930 aspexit
658 1902 672 1925 ‚
707 1867 834 1914 illico

201 1943 328 1990 Eum
356 1959 449 1989 esse
480 1941 622 1987 dixit!
831 1973 854 1998 0

556 2029 585 2061 P
623 2028 658 2061 A
695 2028 725 2062 L
762 2027 797 2061 A
832 2027 862 2061 E
900 2026 922 2060 S
960 2026 991 2059 T
1027 2026 1061 2059 R
1097 2025 1148 2059 A.

509 2088 694 2134 Faciam
718 2105 804 2154 ego
834 2089 954 2134 hanc
981 2103 1083 2132 rem
1105 2086 1130 2114 ²⁵²
1152 2086 1342 2147 planam
1362 2084 1449 2131 tibi
1467 2104 1477 2130 :

202 2164 440 2210 Cistellam
462 2161 562 2207 istic
589 2159 734 2207 inesse
760 2171 949 2222 oportet
975 2158 1203 2205 caudeam
1229 2157 1281 2202 in
1305 2157 1393 2203 isto
1408 2156 1480 2203 vi·-

461 2233 590 2280 dulo.

200 2310 300 2368 Ibi,
321 2326 408 2375 ego
431 2309 611 2367 dicam,
642 2305 886 2370 quidquid
908 2303 1071 2362 inerit,
1094 2300 1379 2350 nominatim
1391 2319 1407 2369 ,j
1426 2311 1480 2347 tu

451 2379 571 2426 mihi
