1598 2814
250 174 349 219 500
575 142 1235 212 TRINUMMUS.
1440 178 1540 214 v.1

605 341 996 391 SCENA
1075 345 1190 410 ιν.

274 484 847 524 GALLICLES,
903 487 1522 533 CHARMIDBS.

611 583 1166 624 STASIMUS.

604 711 1164 755 CALchLEs.

250 769 466 937 QUID
488 834 582 880 hoc
604 833 684 881 hic
704 835 917 881 clamoris
935 834 1080 882 audio
1098 844 1210 884 ante
1228 835 1356 887 aedis
1371 853 1497 887 meas
1511 838 1537 892 i?

277 927 294 935 ⁴
608 931 635 964 c
672 930 707 964 H
742 930 778 964 A
812 933 846 965 R
883 930 926 963 M
962 931 982 963 1
1018 932 1055 964 D
1089 930 1121 964 E
1159 930 1202 966 S.
1367 923 1369 925 ’

251 992 301 1037 O
320 991 552 1037 Callicles!
583 1009 613 1038 o
642 970 874 1038 Callicles!
905 1008 935 1038 ο
960 991 1194 1038 Callicles!

251 1065 461 1134 Qualine
486 1065 640 1110 amico
670 1081 778 1110 mea
804 1064 1121 1111 conmendavi
1138 1065 1290 1112 bona!

602 1160 629 1192 c
665 1159 701 1193 A
736 1160 765 1192 L
802 1159 833 1192 L
869 1160 891 1192 1
927 1159 953 1192 c
988 1156 1020 1191 Ι,
1057 1157 1089 1191 Ε
1125 1154 1164 1190 s,

238 1218 402 1264 Probo
431 1229 479 1264 et
513 1217 668 1274 fideli,
692 1228 739 1263 et
762 1216 885 1274 fido,
910 1226 958 1262 et
981 1231 1094 1261 cum
1111 1231 1284 1280 magna
1306 1216 1402 1264 fide
1411 1236 1425 1271 3

236 1290 301 1338 Et
325 1292 450 1339 salve
468 1326 483 1349 ‚
517 1302 564 1338 et
589 1292 771 1338 salvom
795 1300 844 1336 te
876 1289 1116 1336 advenisse
1149 1289 1349 1354 gaudeo.

597 1385 627 1417 C
661 1384 697 1417 H
732 1383 767 1417 A
803 1384 838 1418 R
873 1382 916 1415 M
952 1383 972 1415 1
1007 1383 1044 1415 D
1081 1381 1113 1415 E
1151 1381 1190 1415 S.

239 1443 395 1490 Credo
422 1445 583 1489 omnia
600 1443 765 1500 istaec,
790 1443 826 1488 si
854 1444 918 1489 ita
936 1443 1018 1501 'st,
1048 1453 1105 1490 ut
1130 1441 1380 1504 praed1cas.

238 1514 334 1564 Sed
369 1519 475 1581 quis
505 1519 590 1565 iste
623 1528 690 1563 est
718 1528 829 1564 tuus
858 1518 1085 1564 ornatus?

597 1612 624 1645 c
661 1610 697 1644 A
732 1611 763 1644 L
797 1610 828 1644 L
863 1611 885 1643 1
925 1610 952 1643 c
991 1609 1022 1642 1.
1057 1610 1090 1643 Ε
1128 1607 1168 1644 s.

541 1661 543 1663 ’
687 1723 689 1731 ⁴
1111 1669 1216 1734 Ego
1245 1670 1400 1716 dicam
1421 1670 1526 1720 tibi.

241 1743 540 1790 Thesaurum
574 1742 862 1790 effodiebam
888 1742 1043 1799 intus,
1077 1742 1276 1801 dotem,
1306 1743 1429 1789 filiae

236 1817 370 1862 Tuae
404 1833 527 1878 quae
562 1816 761 1862 daretur.
794 1815 879 1860 sed
912 1814 1039 1861 intus
1071 1814 1271 1863 narrabo
1304 1813 1392 1860 tibi

238 1888 300 1936 Et
328 1887 420 1936 hoc
449 1901 496 1937 et
521 1890 619 1936 alia.
651 1904 862 1950 sequere.

595 1975 622 2008 c
659 1975 696 2008 Η
730 1973 767 2007 A
800 1976 835 2009 R
868 1973 915 2007 M
949 1975 970 2007 1
1006 1975 1041 2008 D
1081 1974 1111 2008 E
1148 1972 1183 2009 S.

839 2035 1100 2083 'Stasime!

624 2127 649 2162 S
686 2128 719 2162 T
754 2128 791 2163 A
828 2128 851 2163 S
886 2130 909 2163 I
943 2129 988 2163 M
1024 2130 1060 2164 U
1094 2128 1134 2165 S.

1139 2189 1269 2236 Hem
1284 2189 1298 2238 !

590 2272 1183 2311 CHARMIDES.

1315 2322 1515 2375 Strenue

232 2395 380 2449 Curre
399 2398 448 2445 in
466 2397 737 2460 Piraeeum,
756 2410 900 2461 atque
919 2414 1074 2450 unum
1092 2397 1378 2447 cuniculum
1397 2398 1512 2450 face.
1584 2423 1587 2427 „
