<?xml version="1.0" encoding="UTF-8"?>
<!DOCTYPE html PUBLIC "-//W3C//DTD XHTML 1.0 Transitional//EN"
    "http://www.w3.org/TR/xhtml1/DTD/xhtml1-transitional.dtd">
<html xmlns="http://www.w3.org/1999/xhtml" xml:lang="en" lang="en">
 <head>
  <title>
</title>
<meta http-equiv="Content-Type" content="text/html;charset=utf-8" />
  <meta name='ocr-system' content='tesseract 3.04.00' />
  <meta name='ocr-capabilities' content='ocr_page ocr_carea ocr_par ocr_line ocrx_word'/>
</head>
<body>
  <div class='ocr_page' id='page_1' title='image "./comoediaesuperst03plauuoft_0175.png"; bbox 0 0 1630 2866; ppageno 0'>
   <div class='ocr_carea' id='block_1_1' title="bbox 87 168 1362 232">
    <p class='ocr_par' dir='ltr' id='par_1_1' title="bbox 87 168 1362 232">
     <span class='ocr_line' id='line_1_1' title="bbox 87 168 1362 232; baseline -0.002 -12"><span class='ocrx_word' id='word_1_1' title='bbox 87 185 251 232; x_wconf 76' lang='lat' dir='ltr'>v.-151</span> <span class='ocrx_word' id='word_1_2' title='bbox 416 169 703 218; x_wconf 87' lang='lat' dir='ltr'>ACTUS</span> <span class='ocrx_word' id='word_1_3' title='bbox 758 171 836 217; x_wconf 92' lang='grc' dir='ltr'><strong>ῙΙ.</strong></span> <span class='ocrx_word' id='word_1_4' title='bbox 889 168 996 218; x_wconf 90' lang='lat' dir='ltr'><strong>SC.</strong></span> <span class='ocrx_word' id='word_1_5' title='bbox 1045 169 1084 216; x_wconf 89' lang='lat'><strong>1.</strong></span> <span class='ocrx_word' id='word_1_6' title='bbox 1264 170 1362 231; x_wconf 74' lang='lat'><strong>169</strong></span> 
     </span>
    </p>
   </div>
   <div class='ocr_carea' id='block_1_2' title="bbox 88 281 1368 1055">
    <p class='ocr_par' dir='ltr' id='par_1_2' title="bbox 89 281 1368 570">
     <span class='ocr_line' id='line_1_2' title="bbox 91 281 1366 351; baseline -0.002 -21"><span class='ocrx_word' id='word_1_7' title='bbox 91 283 190 351; x_wconf 73' lang='lat' dir='ltr'><strong>Qui</strong></span> <span class='ocrx_word' id='word_1_8' title='bbox 212 299 295 330; x_wconf 88' lang='lat' dir='ltr'><strong>vos</strong></span> <span class='ocrx_word' id='word_1_9' title='bbox 311 281 564 340; x_wconf 86' lang='lat' dir='ltr'><strong>oblectem,</strong></span> <span class='ocrx_word' id='word_1_10' title='bbox 581 283 702 329; x_wconf 91' lang='lat' dir='ltr'><strong>hanc</strong></span> <span class='ocrx_word' id='word_1_11' title='bbox 718 282 945 329; x_wconf 81' lang='lat' dir='ltr'>Fabulam</span> <span class='ocrx_word' id='word_1_12' title='bbox 961 282 1079 329; x_wconf 91' lang='lat' dir='ltr'><strong>dum</strong></span> <span class='ocrx_word' id='word_1_13' title='bbox 1094 282 1366 346; x_wconf 83' lang='lat' dir='ltr'>transigam,</span> 
     </span>
     <span class='ocr_line' id='line_1_3' title="bbox 91 355 1332 416; baseline -0.001 -16"><span class='ocrx_word' id='word_1_14' title='bbox 91 355 262 416; x_wconf 86' lang='lat' dir='ltr'><strong>Neque</strong></span> <span class='ocrx_word' id='word_1_15' title='bbox 288 355 376 402; x_wconf 84' lang='lat' dir='ltr'><strong>sim</strong></span> <span class='ocrx_word' id='word_1_16' title='bbox 403 355 608 402; x_wconf 89' lang='lat' dir='ltr'><strong>facturus</strong></span> <span class='ocrx_word' id='word_1_17' title='bbox 625 390 639 413; x_wconf 88' lang='lat'>,</span> <span class='ocrx_word' id='word_1_18' title='bbox 676 355 812 416; x_wconf 92' lang='lat' dir='ltr'><strong>quod</strong></span> <span class='ocrx_word' id='word_1_19' title='bbox 839 355 1076 402; x_wconf 87' lang='lat' dir='ltr'><strong>facturum</strong></span> <span class='ocrx_word' id='word_1_20' title='bbox 1108 355 1332 402; x_wconf 86' lang='lat' dir='ltr'>dixeram.</span> 
     </span>
     <span class='ocr_line' id='line_1_4' title="bbox 89 429 1368 491; baseline 0 -16"><span class='ocrx_word' id='word_1_21' title='bbox 89 429 205 476; x_wconf 86' lang='lat' dir='ltr'><strong>Non</strong></span> <span class='ocrx_word' id='word_1_22' title='bbox 222 429 495 476; x_wconf 86' lang='lat' dir='ltr'><strong>demutabo.</strong></span> <span class='ocrx_word' id='word_1_23' title='bbox 513 442 658 491; x_wconf 89' lang='lat' dir='ltr'><strong>atque</strong></span> <span class='ocrx_word' id='word_1_24' title='bbox 677 429 818 476; x_wconf 89' lang='lat' dir='ltr'><strong>etiam</strong></span> <span class='ocrx_word' id='word_1_25' title='bbox 835 441 1040 487; x_wconf 79' lang='lat' dir='ltr'><strong>certum,</strong></span> <span class='ocrx_word' id='word_1_26' title='bbox 1059 429 1193 490; x_wconf 93' lang='lat' dir='ltr'><strong>quod</strong></span> <span class='ocrx_word' id='word_1_27' title='bbox 1209 430 1368 488; x_wconf 58' lang='lat' dir='ltr'><strong>sciamj</strong></span> 
     </span>
     <span class='ocr_line' id='line_1_5' title="bbox 93 501 1237 570; baseline 0.003 -22"><span class='ocrx_word' id='word_1_28' title='bbox 93 501 209 570; x_wconf 76' lang='lat' dir='ltr'><strong>Quo</strong></span> <span class='ocrx_word' id='word_1_29' title='bbox 240 502 327 548; x_wconf 91' lang='lat' dir='ltr'><strong>sim</strong></span> <span class='ocrx_word' id='word_1_30' title='bbox 358 502 561 548; x_wconf 90' lang='lat' dir='ltr'><strong>facturus</strong></span> <span class='ocrx_word' id='word_1_31' title='bbox 592 514 760 563; x_wconf 86' lang='lat' dir='ltr'><strong>pacto,</strong></span> <span class='ocrx_word' id='word_1_32' title='bbox 797 502 916 549; x_wconf 87' lang='lat' dir='ltr'>nihil</span> <span class='ocrx_word' id='word_1_33' title='bbox 947 503 1088 549; x_wconf 87' lang='lat' dir='ltr'><strong>etiarn</strong></span> <span class='ocrx_word' id='word_1_34' title='bbox 1113 502 1237 552; x_wconf 89' lang='lat' dir='ltr'><strong>scio;</strong></span> 
     </span>
    </p>

    <p class='ocr_par' dir='ltr' id='par_1_3' title="bbox 92 573 1368 694">
     <span class='ocr_line' id='line_1_6' title="bbox 92 573 1368 636; baseline -0.002 -15"><span class='ocrx_word' id='word_1_35' title='bbox 92 573 190 625; x_wconf 86' lang='lat' dir='ltr'><strong>Nisi</strong></span> <span class='ocrx_word' id='word_1_36' title='bbox 223 576 335 636; x_wconf 88' lang='lat' dir='ltr'><strong>quia</strong></span> <span class='ocrx_word' id='word_1_37' title='bbox 362 575 580 621; x_wconf 85' lang='lat' dir='ltr'><strong>futurum</strong></span> <span class='ocrx_word' id='word_1_38' title='bbox 598 576 664 621; x_wconf 73' lang='lat' dir='ltr'><strong>&#39;st-</strong></span> <span class='ocrx_word' id='word_1_39' title='bbox 697 591 809 621; x_wconf 91' lang='lat' dir='ltr'><strong>narn</strong></span> <span class='ocrx_word' id='word_1_40' title='bbox 838 575 924 636; x_wconf 87' lang='lat' dir='ltr'><strong>qui</strong></span> <span class='ocrx_word' id='word_1_41' title='bbox 948 574 1000 620; x_wconf 90' lang='lat' dir='ltr'><strong>in</strong></span> <span class='ocrx_word' id='word_1_42' title='bbox 1027 573 1227 620; x_wconf 90' lang='lat' dir='ltr'><strong>Scenam</strong></span> <span class='ocrx_word' id='word_1_43' title='bbox 1254 588 1368 635; x_wconf 92' lang='lat' dir='ltr'><strong>pro-</strong></span> 
     </span>
     <span class='ocr_line' id='line_1_7' title="bbox 92 639 480 694; baseline -0.005 -1"><span class='ocrx_word' id='word_1_44' title='bbox 92 639 98 643; x_wconf 33' lang='lat'><em>·</em></span> <span class='ocrx_word' id='word_1_45' title='bbox 347 646 480 694; x_wconf 87' lang='lat' dir='ltr'><strong>venit</strong></span> 
     </span>
    </p>

    <p class='ocr_par' dir='ltr' id='par_1_4' title="bbox 88 717 1367 1055">
     <span class='ocr_line' id='line_1_8' title="bbox 92 717 1315 778; baseline 0.001 -14"><span class='ocrx_word' id='word_1_46' title='bbox 92 717 236 764; x_wconf 87' lang='lat' dir='ltr'><strong>Novo</strong></span> <span class='ocrx_word' id='word_1_47' title='bbox 262 719 414 764; x_wconf 90' lang='lat' dir='ltr'><strong>modo</strong></span> <span class='ocrx_word' id='word_1_48' title='bbox 432 753 446 776; x_wconf 91' lang='lat'>‚</span> <span class='ocrx_word' id='word_1_49' title='bbox 476 734 659 764; x_wconf 89' lang='lat' dir='ltr'><strong>novom</strong></span> <span class='ocrx_word' id='word_1_50' title='bbox 693 717 875 778; x_wconf 86' lang='lat' dir='ltr'><strong>aliquid</strong></span> <span class='ocrx_word' id='word_1_51' title='bbox 902 717 1066 764; x_wconf 88' lang='lat' dir='ltr'><strong>afferre</strong></span> <span class='ocrx_word' id='word_1_52' title='bbox 1099 718 1315 765; x_wconf 84' lang='lat' dir='ltr'><strong>addecet.</strong></span> 
     </span>
     <span class='ocr_line' id='line_1_9' title="bbox 88 784 1367 852; baseline 0.002 -17"><span class='ocrx_word' id='word_1_53' title='bbox 88 784 144 836; x_wconf 66' lang='lat' dir='ltr'><strong>‘Si</strong></span> <span class='ocrx_word' id='word_1_54' title='bbox 171 791 221 836; x_wconf 89' lang='lat' dir='ltr'><strong>id</strong></span> <span class='ocrx_word' id='word_1_55' title='bbox 247 790 396 837; x_wconf 90' lang='lat' dir='ltr'><strong>facere</strong></span> <span class='ocrx_word' id='word_1_56' title='bbox 424 802 659 852; x_wconf 83' lang='lat' dir='ltr'><strong>nequeat,</strong></span> <span class='ocrx_word' id='word_1_57' title='bbox 693 791 777 836; x_wconf 90' lang='lat' dir='ltr'><strong>det</strong></span> <span class='ocrx_word' id='word_1_58' title='bbox 805 793 969 837; x_wconf 88' lang='lat' dir='ltr'><strong>locum</strong></span> <span class='ocrx_word' id='word_1_59' title='bbox 991 791 1086 848; x_wconf 86' lang='lat' dir='ltr'><strong>illi,</strong></span> <span class='ocrx_word' id='word_1_60' title='bbox 1110 791 1194 851; x_wconf 91' lang='lat' dir='ltr'><strong>qui</strong></span> <span class='ocrx_word' id='word_1_61' title='bbox 1215 801 1367 852; x_wconf 84' lang='lat' dir='ltr'><strong>queat.</strong></span> 
     </span>
     <span class='ocr_line' id='line_1_10' title="bbox 95 862 1347 924; baseline 0.002 -17"><span class='ocrx_word' id='word_1_62' title='bbox 95 862 366 908; x_wconf 88' lang='lat' dir='ltr'><strong>Concedere</strong></span> <span class='ocrx_word' id='word_1_63' title='bbox 393 862 726 924; x_wconf 71' lang='lat' dir='ltr'><strong>aliquantisper</strong></span> <span class='ocrx_word' id='word_1_64' title='bbox 757 863 868 909; x_wconf 88' lang='lat' dir='ltr'><strong>hinc</strong></span> <span class='ocrx_word' id='word_1_65' title='bbox 896 864 964 909; x_wconf 89' lang='lat' dir='ltr'><strong>mi</strong></span> <span class='ocrx_word' id='word_1_66' title='bbox 995 863 1124 909; x_wconf 90' lang='lat' dir='ltr'><strong>intro</strong></span> <span class='ocrx_word' id='word_1_67' title='bbox 1152 864 1302 923; x_wconf 85' lang='lat' dir='ltr'><strong>libet,</strong></span> <span class='ocrx_word' id='word_1_68' title='bbox 1344 902 1347 905; x_wconf 93' lang='lat'>.</span> 
     </span>
     <span class='ocr_line' id='line_1_11' title="bbox 88 934 1190 997; baseline 0.001 -17"><span class='ocrx_word' id='word_1_69' title='bbox 88 934 230 981; x_wconf 89' lang='lat' dir='ltr'><strong>Dum</strong></span> <span class='ocrx_word' id='word_1_70' title='bbox 262 935 566 982; x_wconf 88' lang='lat' dir='ltr'><strong>concenturio</strong></span> <span class='ocrx_word' id='word_1_71' title='bbox 592 935 644 980; x_wconf 92' lang='lat' dir='ltr'><strong>in</strong></span> <span class='ocrx_word' id='word_1_72' title='bbox 676 935 821 981; x_wconf 90' lang='lat' dir='ltr'><strong>corde</strong></span> <span class='ocrx_word' id='word_1_73' title='bbox 853 935 1190 997; x_wconf 80' lang='lat' dir='ltr'><strong>sycophantias.</strong></span> 
     </span>
     <span class='ocr_line' id='line_1_12' title="bbox 93 1007 1063 1055; baseline 0 -1"><span class='ocrx_word' id='word_1_74' title='bbox 93 1008 296 1055; x_wconf 89' lang='lat' dir='ltr'><strong>Tibicen</strong></span> <span class='ocrx_word' id='word_1_75' title='bbox 329 1025 412 1055; x_wconf 91' lang='lat' dir='ltr'><strong>vos</strong></span> <span class='ocrx_word' id='word_1_76' title='bbox 435 1008 612 1054; x_wconf 88' lang='lat' dir='ltr'><strong>interea</strong></span> <span class='ocrx_word' id='word_1_77' title='bbox 638 1007 713 1053; x_wconf 89' lang='lat' dir='ltr'><strong>hic</strong></span> <span class='ocrx_word' id='word_1_78' title='bbox 745 1008 1063 1055; x_wconf 87' lang='lat' dir='ltr'><strong>delectaverit.</strong></span> 
     </span>
    </p>
   </div>
   <div class='ocr_carea' id='block_1_3' title="bbox 345 1189 1070 1384">
    <p class='ocr_par' dir='ltr' id='par_1_5' title="bbox 345 1189 1070 1384">
     <span class='ocr_line' id='line_1_13' title="bbox 345 1189 1070 1255; baseline -0.008 0"><span class='ocrx_word' id='word_1_79' title='bbox 345 1189 857 1255; x_wconf 84' lang='lat' dir='ltr'><strong>ACTUS</strong></span> <span class='ocrx_word' id='word_1_80' title='bbox 956 1189 1070 1249; x_wconf 87' lang='lat' dir='ltr'><strong>IL</strong></span> 
     </span>
     <span class='ocr_line' id='line_1_14' title="bbox 470 1336 979 1384; baseline -0.006 0"><span class='ocrx_word' id='word_1_81' title='bbox 470 1336 979 1384; x_wconf 80' lang='lat' dir='ltr'><em>SGENAI.</em></span> 
     </span>
    </p>
   </div>
   <div class='ocr_carea' id='block_1_4' title="bbox 445 1477 1028 1512">
    <p class='ocr_par' dir='ltr' id='par_1_6' title="bbox 445 1477 1028 1512">
     <span class='ocr_line' id='line_1_15' title="bbox 445 1477 1028 1512; baseline -0.007 0"><span class='ocrx_word' id='word_1_82' title='bbox 445 1477 1028 1512; x_wconf 80' lang='lat' dir='ltr'>PSEUDOLUS.</span> 
     </span>
    </p>
   </div>
   <div class='ocr_carea' id='block_1_5' title="bbox 94 1533 1375 2459">
    <p class='ocr_par' dir='ltr' id='par_1_7' title="bbox 94 1533 1372 1731">
     <span class='ocr_line' id='line_1_16' title="bbox 94 1533 1372 1657; baseline -0.006 -12"><span class='ocrx_word' id='word_1_83' title='bbox 94 1533 189 1645; x_wconf 86' lang='lat' dir='ltr'>P</span> <span class='ocrx_word' id='word_1_84' title='bbox 193 1608 320 1644; x_wconf 83' lang='lat' dir='ltr'><strong>ROH</strong></span> <span class='ocrx_word' id='word_1_85' title='bbox 346 1596 591 1657; x_wconf 87' lang='lat' dir='ltr'><strong>Juppiter‚</strong></span> <span class='ocrx_word' id='word_1_86' title='bbox 621 1605 678 1640; x_wconf 92' lang='lat' dir='ltr'><strong>ut</strong></span> <span class='ocrx_word' id='word_1_87' title='bbox 706 1594 824 1639; x_wconf 88' lang='lat' dir='ltr'><strong>mihi</strong></span> <span class='ocrx_word' id='word_1_88' title='bbox 841 1627 855 1650; x_wconf 88' lang='lat'>‚</span> <span class='ocrx_word' id='word_1_89' title='bbox 887 1591 1128 1653; x_wconf 81' lang='lat' dir='ltr'><strong>quidquid</strong></span> <span class='ocrx_word' id='word_1_90' title='bbox 1153 1607 1273 1655; x_wconf 84' lang='lat' dir='ltr'><strong>ago,</strong></span> <span class='ocrx_word' id='word_1_91' title='bbox 1302 1593 1372 1637; x_wconf 79' lang='lat' dir='ltr'><strong>le-</strong></span> 
     </span>
     <span class='ocr_line' id='line_1_17' title="bbox 347 1665 1272 1731; baseline -0.006 -16"><span class='ocrx_word' id='word_1_92' title='bbox 347 1670 464 1731; x_wconf 88' lang='lat' dir='ltr'><strong>pide</strong></span> <span class='ocrx_word' id='word_1_93' title='bbox 498 1668 658 1714; x_wconf 89' lang='lat' dir='ltr'><strong>omnia</strong></span> <span class='ocrx_word' id='word_1_94' title='bbox 680 1683 1000 1729; x_wconf 84' lang='lat' dir='ltr'><strong>prospereque</strong></span> <span class='ocrx_word' id='word_1_95' title='bbox 1023 1665 1272 1712; x_wconf 88' lang='lat' dir='ltr'><strong>eveniunt!</strong></span> 
     </span>
    </p>

    <p class='ocr_par' dir='ltr' id='par_1_8' title="bbox 95 1739 1374 1876">
     <span class='ocr_line' id='line_1_18' title="bbox 95 1739 1374 1803; baseline -0.004 -16"><span class='ocrx_word' id='word_1_96' title='bbox 95 1741 269 1803; x_wconf 87' lang='lat' dir='ltr'><strong>Neque</strong></span> <span class='ocrx_word' id='word_1_97' title='bbox 287 1742 422 1803; x_wconf 93' lang='lat' dir='ltr'><strong>quod</strong></span> <span class='ocrx_word' id='word_1_98' title='bbox 437 1742 658 1787; x_wconf 82' lang='lat' dir='ltr'><strong>dubitem</strong></span> <span class='ocrx_word' id='word_1_99' title='bbox 670 1756 859 1799; x_wconf 84' lang='lat' dir='ltr'><strong>,neque</strong></span> <span class='ocrx_word' id='word_1_100' title='bbox 878 1739 1014 1799; x_wconf 93' lang='lat' dir='ltr'><strong>quod</strong></span> <span class='ocrx_word' id='word_1_101' title='bbox 1029 1739 1248 1795; x_wconf 86' lang='lat' dir='ltr'><strong>timeam,</strong></span> <span class='ocrx_word' id='word_1_102' title='bbox 1263 1752 1374 1783; x_wconf 88' lang='lat' dir='ltr'><strong>meo</strong></span> 
     </span>
     <span class='ocr_line' id='line_1_19' title="bbox 346 1811 1230 1876; baseline -0.007 -15"><span class='ocrx_word' id='word_1_103' title='bbox 346 1817 396 1860; x_wconf 90' lang='lat' dir='ltr'><strong>in</strong></span> <span class='ocrx_word' id='word_1_104' title='bbox 412 1827 604 1876; x_wconf 86' lang='lat' dir='ltr'><strong>pectore</strong></span> <span class='ocrx_word' id='word_1_105' title='bbox 623 1813 902 1859; x_wconf 90' lang='lat' dir='ltr'><strong>conditum’</strong></span> <span class='ocrx_word' id='word_1_106' title='bbox 907 1824 947 1858; x_wconf 92' lang='lat' dir='ltr'><strong>st</strong></span> <span class='ocrx_word' id='word_1_107' title='bbox 969 1811 1230 1857; x_wconf 87' lang='lat' dir='ltr'><strong>consilium.</strong></span> 
     </span>
    </p>

    <p class='ocr_par' dir='ltr' id='par_1_9' title="bbox 97 1883 1375 2006">
     <span class='ocr_line' id='line_1_20' title="bbox 97 1883 1375 1950; baseline -0.006 -16"><span class='ocrx_word' id='word_1_108' title='bbox 97 1886 222 1934; x_wconf 86' lang='lat' dir='ltr'><strong>Nam</strong></span> <span class='ocrx_word' id='word_1_109' title='bbox 239 1903 292 1932; x_wconf 88' lang='lat' dir='ltr'><strong>ea</strong></span> <span class='ocrx_word' id='word_1_110' title='bbox 306 1888 500 1933; x_wconf 87' lang='lat' dir='ltr'><strong>stultitia</strong></span> <span class='ocrx_word' id='word_1_111' title='bbox 528 1898 595 1932; x_wconf 90' lang='lat' dir='ltr'><strong>est</strong></span> <span class='ocrx_word' id='word_1_112' title='bbox 607 1922 621 1944; x_wconf 86' lang='lat'><strong>,</strong></span> <span class='ocrx_word' id='word_1_113' title='bbox 638 1887 816 1932; x_wconf 88' lang='lat' dir='ltr'><strong>facinus</strong></span> <span class='ocrx_word' id='word_1_114' title='bbox 833 1901 1062 1950; x_wconf 88' lang='lat' dir='ltr'><strong>magnum</strong></span> <span class='ocrx_word' id='word_1_115' title='bbox 1077 1883 1250 1929; x_wconf 85' lang='lat' dir='ltr'><strong>timido</strong></span> <span class='ocrx_word' id='word_1_116' title='bbox 1270 1897 1375 1927; x_wconf 83' lang='lat' dir='ltr'><strong>cor-</strong></span> 
     </span>
     <span class='ocr_line' id='line_1_21' title="bbox 350 1960 957 2006; baseline 0 -2"><span class='ocrx_word' id='word_1_117' title='bbox 350 1960 400 2004; x_wconf 86' lang='lat' dir='ltr'><strong>di</strong></span> <span class='ocrx_word' id='word_1_118' title='bbox 428 1960 629 2006; x_wconf 88' lang='lat' dir='ltr'><strong>credere.</strong></span> <span class='ocrx_word' id='word_1_119' title='bbox 657 1977 767 2005; x_wconf 89' lang='lat' dir='ltr'><strong>narn</strong></span> <span class='ocrx_word' id='word_1_120' title='bbox 792 1975 957 2005; x_wconf 89' lang='lat' dir='ltr'><strong>omnes</strong></span> 
     </span>
    </p>

    <p class='ocr_par' dir='ltr' id='par_1_10' title="bbox 96 2029 1372 2168">
     <span class='ocr_line' id='line_1_22' title="bbox 96 2029 1372 2097; baseline -0.007 -15"><span class='ocrx_word' id='word_1_121' title='bbox 96 2033 188 2082; x_wconf 85' lang='lat' dir='ltr'><strong>Res</strong></span> <span class='ocrx_word' id='word_1_122' title='bbox 221 2033 422 2095; x_wconf 89' lang='lat' dir='ltr'><strong>perinde</strong></span> <span class='ocrx_word' id='word_1_123' title='bbox 456 2044 592 2089; x_wconf 90' lang='lat' dir='ltr'><strong>sunt,</strong></span> <span class='ocrx_word' id='word_1_124' title='bbox 629 2045 684 2078; x_wconf 90' lang='lat' dir='ltr'><strong>ut</strong></span> <span class='ocrx_word' id='word_1_125' title='bbox 716 2051 849 2097; x_wconf 85' lang='lat' dir='ltr'><strong>agas,</strong></span> <span class='ocrx_word' id='word_1_126' title='bbox 882 2044 938 2079; x_wconf 90' lang='lat' dir='ltr'><strong>ut</strong></span> <span class='ocrx_word' id='word_1_127' title='bbox 969 2049 1041 2079; x_wconf 89' lang='lat' dir='ltr'><strong>eas</strong></span> <span class='ocrx_word' id='word_1_128' title='bbox 1069 2029 1372 2096; x_wconf 84' lang='lat' dir='ltr'><strong>magnifacias.</strong></span> 
     </span>
     <span class='ocr_line' id='line_1_23' title="bbox 350 2105 800 2168; baseline 0 -18"><span class='ocrx_word' id='word_1_129' title='bbox 350 2120 463 2162; x_wconf 81' lang='lat' dir='ltr'><strong>narn</strong></span> <span class='ocrx_word' id='word_1_130' title='bbox 495 2120 581 2168; x_wconf 86' lang='lat' dir='ltr'><strong>ego</strong></span> <span class='ocrx_word' id='word_1_131' title='bbox 607 2105 658 2149; x_wconf 91' lang='lat' dir='ltr'><strong>in</strong></span> <span class='ocrx_word' id='word_1_132' title='bbox 691 2121 800 2150; x_wconf 89' lang='lat' dir='ltr'><strong>meo</strong></span> 
     </span>
    </p>

    <p class='ocr_par' dir='ltr' id='par_1_11' title="bbox 99 2166 1374 2306">
     <span class='ocr_line' id='line_1_24' title="bbox 99 2166 1374 2238; baseline -0.008 -13"><span class='ocrx_word' id='word_1_133' title='bbox 99 2166 295 2225; x_wconf 84' lang='lat' dir='ltr'><strong>Pectore</strong></span> <span class='ocrx_word' id='word_1_134' title='bbox 328 2177 459 2238; x_wconf 85' lang='lat' dir='ltr'><strong>prius</strong></span> <span class='ocrx_word' id='word_1_135' title='bbox 496 2176 560 2221; x_wconf 89' lang='lat' dir='ltr'><strong>ita</strong></span> <span class='ocrx_word' id='word_1_136' title='bbox 591 2175 747 2236; x_wconf 86' lang='lat' dir='ltr'><strong>paravi</strong></span> <span class='ocrx_word' id='word_1_137' title='bbox 778 2175 930 2236; x_wconf 90' lang='lat' dir='ltr'><strong>copias</strong></span> <span class='ocrx_word' id='word_1_138' title='bbox 964 2175 1190 2236; x_wconf 86' lang='lat' dir='ltr'><strong>duplicis,</strong></span> <span class='ocrx_word' id='word_1_139' title='bbox 1224 2172 1374 2232; x_wconf 55' lang='lat' dir='ltr'><strong>tripli-f</strong></span> 
     </span>
     <span class='ocr_line' id='line_1_25' title="bbox 358 2250 615 2306; baseline -0.008 -10"><span class='ocrx_word' id='word_1_140' title='bbox 358 2251 419 2296; x_wconf 89' lang='lat' dir='ltr'><strong>cis</strong></span> <span class='ocrx_word' id='word_1_141' title='bbox 455 2250 615 2306; x_wconf 91' lang='lat' dir='ltr'><strong>dolos,</strong></span> 
     </span>
    </p>

    <p class='ocr_par' dir='ltr' id='par_1_12' title="bbox 100 2321 1374 2459">
     <span class='ocr_line' id='line_1_26' title="bbox 100 2321 1374 2385; baseline -0.005 -13"><span class='ocrx_word' id='word_1_142' title='bbox 100 2324 348 2373; x_wconf 87' lang='lat' dir='ltr'><strong>Perfidias:</strong></span> <span class='ocrx_word' id='word_1_143' title='bbox 384 2335 438 2369; x_wconf 93' lang='lat' dir='ltr'><strong>ut</strong></span> <span class='ocrx_word' id='word_1_144' title='bbox 472 2323 766 2382; x_wconf 88' lang='lat' dir='ltr'><strong>ubicumque</strong></span> <span class='ocrx_word' id='word_1_145' title='bbox 797 2337 910 2367; x_wconf 89' lang='lat' dir='ltr'><strong>cum</strong></span> <span class='ocrx_word' id='word_1_146' title='bbox 934 2321 1150 2367; x_wconf 91' lang='lat' dir='ltr'><strong>hostibus</strong></span> <span class='ocrx_word' id='word_1_147' title='bbox 1176 2335 1374 2385; x_wconf 85' lang='lat' dir='ltr'><strong>congre-</strong></span> 
     </span>
     <span class='ocr_line' id='line_1_27' title="bbox 357 2395 950 2459; baseline -0.003 -18"><span class='ocrx_word' id='word_1_148' title='bbox 357 2395 483 2454; x_wconf 81' lang='lat' dir='ltr'><strong>diar,</strong></span> <span class='ocrx_word' id='word_1_149' title='bbox 519 2395 753 2459; x_wconf 85' lang='lat' dir='ltr'><strong>majorum</strong></span> <span class='ocrx_word' id='word_1_150' title='bbox 785 2396 950 2440; x_wconf 72' lang='lat' dir='ltr'><strong>meum</strong></span> 
     </span>
    </p>
   </div>
  </div>
 </body>
</html>
