1630 2866
76 120 203 165 ιω
347 101 636 152 ACTUS
688 102 791 149 IV.
849 100 956 148 SC.
1007 100 1108 148 IV.
1273 115 1397 166 3¹⁷,

81 212 133 261 Si
159 213 212 260 in
238 211 358 258 mari
374 211 463 257 reti
485 209 811 272 apprehendi,
843 209 929 270 qui
963 219 1104 255 tuum
1129 208 1270 270 potiu
1285 208 1368 266 ’st,

336 300 484 345 quam
519 299 681 328 meum
697 282 719 327 ?

432 375 463 408 Τ
499 376 532 410 R
568 376 603 407 A
640 375 668 407 c
708 374 743 407 Η
780 375 815 407 A
848 373 879 407 L
916 374 938 407 1
973 374 1020 407 o.

82 434 243 488 ..Verba
262 436 355 482 dat.
372 436 463 481 hoc
485 434 636 480 modo
654 450 724 479 res
741 444 866 496 gesta
882 447 974 492 est,
994 445 1050 480 ut
1069 450 1157 497 ego
1182 433 1303 479 dico.

529 533 562 566 G
602 534 637 567 R
672 532 692 565 I
729 533 759 566 P
802 533 836 566 U
875 531 913 566 S.

1026 585 1163 655 Quid
1191 596 1247 631 tu
1273 585 1369 630 ais?

431 669 464 701 Τ
501 669 534 702 R
570 667 604 700 A
642 668 669 700 c
708 666 743 699 Η
783 666 818 699 A
854 666 884 698 1.
925 667 946 698 1
985 667 1031 700 ο.

16 750 19 751 ’
80 733 263 803 Quoad
288 731 532 794 primaxius
562 730 631 776 vir
667 729 815 786 dicat,
846 728 1091 789 conprime
1118 728 1248 774 hunc
1276 728 1332 774 sis
1346 761 1364 786 ,

327 822 370 853 ει
400 816 510 851 tuus
536 814 618 850 est.

478 887 559 932 ‘ao
595 901 630 940 R
664 899 686 932 1
722 899 751 932 Ρ
792 875 845 932 U„
863 885 915 932 s?

80 964 257 1035 Quid?
281 974 337 1010 tu
367 963 498 1027 idem
525 961 643 1006 mihi
671 961 739 1008 vis
762 961 863 1006 fieri
878 995 893 1020 ‚
930 961 1068 1022 quod
1088 963 1226 1009 herus
1247 979 1364 1010 con-

342 1036 496 1082 suevit
523 1034 646 1080 tibi?

80 1109 131 1159 Si
155 1111 235 1157 ille
257 1121 306 1156 te
330 1108 633 1170 conprimere
658 1108 820 1154 solitus
834 1143 849 1166 ,
875 1108 951 1154 hic
972 1119 1131 1155 noster
1158 1125 1245 1155 nos
1262 1125 1364 1155 non

332 1184 463 1229 solet.

465 1270 503 1302 D
539 1269 574 1302 A
613 1269 643 1301 E
680 1268 723 1300 M
761 1269 793 1301 Ο
831 1269 866 1301 N
899 1267 931 1300 E
966 1267 1001 1300 S.

79 1324 243 1386 Veibo
275 1336 357 1381 illo
392 1335 542 1381 modo
575 1336 654 1381 ille
689 1335 816 1383 vicit.
854 1327 981 1396 quid'
1012 1352 1142 1382 nunc
1175 1348 1230 1382 tu
1258 1338 1364 1383 vis?

333 1407 410 1451 dic
441 1406 572 1451 mihi.
1179 1419 1185 1424 ·

443 1500 474 1531 T
509 1501 542 1532 R
577 1498 612 1531 A
651 1499 677 1530 c
714 1498 750 1530 Η
786 1498 821 1529 A
856 1497 887 1530 Ι,
904 1496 906 1502 ’
922 1498 942 1529 1
981 1499 1026 1531 o.

79 1560 322 1620 Equidem
344 1575 504 1619 neque
524 1574 611 1622 ego
629 1569 814 1618 partem
838 1572 981 1617 posco
1002 1557 1120 1602 mihi
1141 1557 1276 1604 istinc
1297 1558 1358 1604 de

332 1633 448 1678 istoc
474 1633 673 1690 vidulo,

80 1709 254 1771 Neque
278 1725 443 1754 meum
464 1707 608 1753 hodie
634 1724 726 1752 esse
746 1723 981 1768 umquam
1005 1707 1118 1752 dixi.
1155 1708 1237 1753 sed
1260 1709 1358 1754 istie

330 1783 449 1828 inest
483 1782 711 1842 cistellula

81 1855 238 1919 Hujus
252 1855 481 1913 mulieris,
497 1872 644 1916 quam
662 1855 850 1901 dudum
872 1856 973 1902 dixi
989 1854 1125 1901 fuisse
1142 1856 1352 1901 liberam.

464 1955 501 1987 D
536 1954 572 1986 A
607 1955 637 1986 E
675 1955 718 1987 M
754 1955 786 1987 ο
823 1955 856 1987 N
890 1955 921 1986 Ε
957 1954 994 1987 s.

81 2023 268 2084 Nempe
300 2033 356 2067 tu
389 2021 510 2066 hanc
537 2022 679 2079 dicis,
709 2038 861 2082 quam
886 2039 979 2067 esse
1011 2022 1134 2068 aibas
1167 2021 1356 2070 dudum

330 2095 611 2155 popularem
644 2094 834 2139 meam?

437 2186 470 2218 Τ
506 2186 539 2218 R
574 2185 610 2217 A
647 2185 674 2217 c
712 2184 747 2216 Η
781 2185 815 2216 A
851 2185 882 2217 Ι.
915 2185 937 2217 1
974 2186 1021 2217 ο.

83 2245 391 2294 Admodum:
417 2257 465 2291 et
484 2262 535 2291 ea
547 2280 562 2303 ,
580 2261 701 2307 quae
718 2245 835 2292 olim
858 2261 1001 2306 parva
1020 2245 1240 2309 gestavit,
1260 2259 1359 2292 cre.-

340 2321 523 2385 Pundia
