1630 2866
1291 157 1385 207 4¹9

362 397 1138 458 PROLOGUS.

238 583 699 620 LUXURIA
766 583 810 618 et
875 584 1271 621 ΙΝΟΡῙΔ.

529 757 983 793 LUXURIA.

111 810 437 937 SEQUERE
468 890 547 919 me
563 909 577 931 ,
607 890 714 920 mea
744 885 912 939 gnata,
933 883 995 920 .ut
1022 889 1198 919 munus
1220 873 1386 940 funga-

365 963 423 992 ns
448 958 603 992 tuum.

554 1046 575 1078 1
611 1044 646 1076 Ν
682 1044 715 1077 o
751 1045 781 1078 1³
816 1045 840 1077 1
874 1045 921 1078 Α.

114 1113 323 1176 Sequor:
354 1111 437 1158 sed
466 1112 615 1158 finem
646 1111 747 1158 fore
779 1129 928 1174 quem
963 1111 1116 1160 dicam
1132 1149 1147 1173 ,
1176 1116 1346 1163 nescio.

525 1211 985 1247 LUXURIA.

111 1278 267 1325 Adest.
298 1280 439 1325 hem!
466 1279 569 1324 illae
600 1291 710 1325 sunt
738 1280 895 1327 aedes:
927 1282 943 1326 i
971 1281 1095 1327 intro
1123 1299 1252 1330 nunc
1280 1285 1389 1330 i‘am.

112 1352 281 1407 Nunc,
313 1368 375 1396 ne
405 1351 510 1412 quis
536 1363 654 1396 erret
676 1365 917 1410 vostrum,
949 1354 1108 1414 paucis
1134 1355 1186 1399 in
1216 1355 1344 1400 viam

112 1423 389 1479 Deducam,
423 1423 661 1482 siquidem
689 1440 880 1483 operam
914 1424 1022 1469 dare
1053 1426 1340 1485 promittitis.

113 1495 257 1542 Nunc
278 1496 491 1556 primum
515 1496 683 1558 igitur,
712 1512 836 1556 quae
859 1513 946 1560 ego
965 1499 1077 1553 sim,
1101 1510 1149 1542 et
1165 1514 1288 1556 quae
1315 1499 1394 1544 illa

368 1568 481 1612 haec
511 1568 624 1622 siet,

118 1641 230 1687 Huc
263 1657 386 1701 quae
425 1639 541 1684 abiit
573 1639 699 1684 intro
719 1671 733 1695 ,
776 1638 931 1684 dicam
950 1672 965 1695 ‚
1000 1639 1035 1683 si
1064 1639 1280 1686 animum
1311 1640 1395 1686 ad·-

369 1712 562 1758 vortitis.

119 1786 335 1832 Primum
358 1783 475 1830 'mihi
493 1785 683 1830 Plautus
706 1800 887 1830 nomen
904 1784 1127 1830 Luxuriae
1148 1785 1344 1833 indidit:

119 1861 251 1905 Tum
282 1859 402 1904 hanc
424 1858 543 1914 mihi
571 1870 760 1922 gnatam
785 1876 879 1905 esse
904 1859 1056 1903 voluit
1088 1859 1300 1922 Inopiam.

122 1929 217 1975 Sed
246 1946 300 1975 ea
330 1930 422 1975 huc
453 1931 571 1990 quid
611 1930 846 1975 introierit
876 1931 1068 1991 inpulsu
1096 1945 1235 1985 meo,

122 2000 363 2062 Accipite,
394 2013 441 2046 et
470 2001 578 2046 date
607 2003 785 2047 vacivas
816 2002 933 2047 amis
949 2036 964 2057 ‚
990 2001 1112 2046 dum
1141 2001 1355 2059 eloquor.

122 2077 407 2123 Adulescens
440 2075 637 2135 quidam
656 2076 741 2131 'st'‚
775 2076 859 2134 qui
887 2076 938 2120 in
968 2075 1094 2120 hisce
1121 2073 1299 2119 habitat
1321 2090 1399 2121 aed

378 2146 544 2192 dibus:

125 2222 169 2267 Is
198 2238 300 2267 rem
328 2232 571 2282 paternam
600 2234 679 2264 me
709 2218 940 2281 adjutrice
965 2216 1183 2277 perdidit.

55 2295 58 2297 Α
128 2294 374 2363 Quoniam
405 2293 475 2349 ei,
513 2292 599 2353 qui
626 2307 706 2339 me
733 2292 908 2347 aleret,
945 2289 1015 2334 nil
1034 2289 1176 2334 video
1206 2305 1299 2335 esse
1329 2304 1403 2334 re-

378 2366 528 2426 liqui,

1023 2432 1115 2478 Dd
1150 2447 1175 2480 α
