1630 2866
80 148 248 196 mos
411 143 699 195 Ac‘rns
753 146 831 192 11.
886 144 991 192 sc.
1043 146 1080 192 1.
1267 162 1357 209 373

73 255 183 315 jam
203 254 287 301 illo
314 264 575 302 venturum
604 252 777 303 dicito;
808 268 1010 314 propera
1024 286 1039 309 ,
1065 261 1210 314 atque
1238 252 1329 298 abi.

78 327 332 385 Demiror,
364 326 486 388 quid
518 326 650 372 illaec
678 341 757 371 me
780 325 841 371 ad
871 342 919 371 se
939 325 1097 372 arcessi
1113 326 1328 389 jusserit,

81 399 220 470 Quae
241 415 510 460 numquam
520 398 657 463 jussit
679 414 759 444 me
778 398 841 444 ad
859 413 907 444 se
925 399 1084 444 arcessi
1107 409 1214 444 ante
1232 399 1360 444 hunc

344 472 503 529 diem,

87 544 350 605 Postquam
380 544 452 590 vir
471 543 588 590 abiit
616 544 725 608 ejus.
753 545 925 600 miror,
959 542 1079 604 quid
1108 544 1221 602 siet,

79 619 180 666 Nisi
212 631 268 665 ut
297 619 563 681 periculum
593 619 697 670 fiat;
727 618 872 664 visam
889 651 904 674 ,
933 617 1054 689 quid
1082 618 1209 664 velit.

81 691 176 737 Sed
206 706 374 737 eccum
399 690 654 737 Dinacium
683 692 780 755 ejus
809 706 1030 752 puerum.
1067 691 1159 737 hoc
1189 690 1325 738 vide!

81 763 223 810 Satin
257 774 313 809 ut
343 762 521 820 facete,
548 774 692 824 atque
725 780 787 810 ex
814 765 996 825 pictura
1024 765 1209 811 astitit?

81 837 183 883 Nae
209 837 295 884 iste
321 837 495 899 edepol
523 839 692 885 vinum
720 839 899 901 poculo
929 839 1197 901 pauxillulo

84 907 231 971 Saepe
263 911 526 958 exanclavit
554 911 831 958 submerum
856 911 1122 957 scitissume.

335 1105 846 1165 ACTUS
946 1106 1061 1165 ΙΙ.

479 1235 848 1284 SCENA
932 1239 972 1283 ι.

80 1373 661 1413 DINACIUM,
731 1375 1357 1412 GELASIM'US.

471 1519 989 1554 DINACIUM.

84 1572 504 1684 MERCURIU
517 1647 539 1681 s
555 1671 570 1693 ,
593 1636 722 1694 Jovis
742 1637 827 1697 qui
844 1637 1041 1683 nuntius
1059 1637 1361 1699 perhibetur3

252 1739 254 1741 ι
337 1723 606 1768 numquam
636 1724 786 1768 aeque
810 1709 931 1769 patri

87 1775 187 1823 Suo
215 1778 445 1824 nuntium
474 1777 691 1838 lepidum
722 1778 919 1836 adtulit,
940 1794 1087 1840 quam
1115 1795 1201 1844 ego
1229 1796 1360 1828 nunc

342 1866 475 1896 meae
501 1850 638 1896 herae
662 1851 909 1898 nuntiabo.

85 1923 254 1984 Imque
270 1935 494 1969 onustum
515 1935 678 1985 pectus
688 1936 828 1986 porto
840 1926 1013 1972 laetitia
1025 1926 1356 1988 lubentiaque:

86 1995 260 2056 Neque
276 1996 437 2051 lubet,
458 1996 545 2040 nisi
568 1996 766 2061 gloriose
782 2031 798 2055 ‚
825 1998 1095 2089 quidquam
1119 2001 1356 2062 proloqui.

337 2067 557 2129 profecto

88 2142 408 2189 Amoenitates
426 2143 644 2188 omnium
656 2158 886 2190 venerum
904 2152 1048 2204 atque
1061 2157 1360 2192 venustatum

341 2213 496 2259 affero.

86 2285 313 2348 Ripisque
330 2297 517 2346 superat
542 2285 660 2331 mihi
680 2296 825 2348 atque
850 2285 1064 2333 abundat
1080 2298 1245 2348 pectus
1264 2290 1360 2336 lae-
1418 2312 1422 2313 ⁷

342 2358 442 2404 titia
464 2374 640 2405 meum.

1018 2432 1059 2479 A
1077 2450 1102 2479 a
1141 2450 1166 2495 3
