1630 2866
358 537 1262 601 PROLOGUS.-

164 709 550 821 AcmLLEM
588 766 839 813 Aristarchi
878 765 1200 811 mihi‘imitari
1231 765 1395 811 lubet:

164 846 288 892 Inde
316 844 434 892 mihi
472 840 765 904 principium
790 838 973 900 capiam
999 854 1059 883 ex
1091 838 1370 901 Tragoedia.

168 917 409 977 Sileteque
446 924 494 959 et
525 922 701 967 tacete,
733 920 878 969 atque
909 908 1126 954 animum
1157 908 1390 955 advortite
1402 925 1416 960 ;

166 988 349 1035 Audire
376 985 522 1050 jubet
551 998 634 1028 vos
666 981 924 1041 imperator
950 978 1172 1024 histricus.

166 1059 398 1119 Bonoque
426 1067 482 1101 ut
511 1054 672 1101 animo
702 1051 896 1099 sedeant
922 1051 972 1096 in
1005 1051 1232 1098 subselliis
1250 1085 1266 1110 ,

164 1133 228 1180 Et
258 1131 343 1193 qui
374 1129 622 1176 esurientes
638 1161 652 1185 ,
685 1138 733 1172 et
765 1126 851 1187 qui
883 1125 1026 1171 saturi
1057 1119 1287 1172 venerint.

166 1206 270 1276 Qui
307 1203 459 1251 edistis
474 1237 488 1260 ,
520 1202 676 1248 multo
709 1198 876 1245 fecistis
908 1197 1189 1259 sapientius:

166 1279 270 1350 Qui
292 1293 393 1324 non
420 1275 576 1321 edistis
591 1307 605 1330 ‚
630 1272 769 1318 saturi
795 1271 878 1316 fite
905 1269 1083 1315 fabulis.

167 1351 294 1398 Nam
316 1348 434 1410 quoi
453 1358 668 1408 paratum
684 1345 764 1401 'st,
788 1343 925 1404 quod
951 1342 1078 1398 edit,
1106 1352 1263 1387 nostra
1284 1341 1451 1404 gratia,

170 1422 329 1468 Nimia
345 1421 401 1466 ’st
421 1418 643 1475 stultitia,
676 1433 848 1462 sessum
878 1416 1152 1476 inpransum
1179 1413 1409 1459 incedere.

134 1532 140 1536 .
169 1495 379 1556 Exsurge
400 1526 414 1549 ‚
449 1506 619 1553 praeco
636 1524 650 1547 ,
688 1489 760 1535 fac
791 1488 976 1550 populo
1000 1486 1304 1532 audientiam.

165 1566 468 1626 Jamdudum
500 1574 720 1625 exspecto
738 1597 753 1620 ,
780 1562 817 1607 si
840 1573 982 1607 tuum
1013 1556 1221 1605 officium
1251 1557 1370 1602 scias.

170 1641 349 1687 Exerce
375 1654 546 1686 vocem
563 1671 577 1694 ,
611 1652 756 1697 quam
782 1651 867 1695 per
896 1633 1011 1679 vivis
1041 1643 1089 1678 et
1119 1632 1243 1676 colis,

171 1713 296 1759 Nam
319 1713 408 1758 nisi
439 1710 685 1767 clamabis,
719 1708 920 1754 tacitum
950 1718 998 1751 te
1026 1705 1230 1766 obrepet
1264 1703 1422 1749 fames.

172 1787 273 1852 Age
308 1802 439 1833 nunc
468 1785 645 1841 reside,
683 1782 927 1844 duplicem
947 1791 1002 1826 ut
1027 1778 1303 1825 mercedem
1329 1776 1460 1823 feras.

170 1861 364 1907 Bonum
389 1859 566 1905 factum
586 1860 661 1904 ’st!
697 1858 850 1903 edicta
884 1867 941 1901 ut
973 1854 1160 1901 servetis
1189 1869 1307 1898 mea.

175 1931 394 1979 Scortum
427 1932 670 1977 exoletum
703 1945 765 1975 ne
795 1928 899 1989 quis
933 1928 983 1972 in
1010 1925 1261 1988 proscenio

174 2004 346 2052 Sedeat
361 2039 376 2061 ,
406 2022 503 2050 neu
520 2005 658 2050 lictor
682 2003 884 2050 verbum
898 2036 912 2059 ‚
935 2013 1018 2047 aut
1044 2001 1198 2063 virgae
1224 1997 1460 2055 mutiant,

177 2079 288 2125 Neu
314 2078 584 2141 dissignator
614 2087 797 2138 praeter
832 2092 882 2121 os
911 2074 1196 2120 obambulet
1212 2106 1227 2128 ‚

178 2152 289 2198 Neu
318 2167 492 2197 sessum
519 2151 689 2205 ducat,
721 2149 841 2193 dum
873 2148 1034 2193 histrio
1062 2147 1113 2191 in
1135 2160 1270 2190 scena
1298 2143 1393 2188 siet.

177 2224 280 2272 Diu
305 2224 390 2285 qui
420 2221 555 2268 domi
582 2220 715 2266 otiosi
747 2219 1044 2264 dormierunt
1060 2251 1073 2274 ‚
1100 2217 1236 2261 decet

182 2296 358 2342 Animo
371 2311 530 2356 aequo
542 2308 669 2339 nunc
688 2302 835 2342 stent3
858 2292 936 2338 vel
951 2289 1158 2335 dormire
1179 2294 1457 2348 temperent.

185 2369 314 2418 Servi
339 2386 404 2416 ne>
426 2368 670 2416 obsideant
685 2399 702 2424 ,
727 2363 885 2430 liberis
917 2374 973 2410 ut
997 2362 1054 2408 sit
1085 2361 1250 2417 Locus,

1134 2433 1177 2479 A
1211 2448 1237 2493 3
