1630 2866
61 116 106 148 v.
135 101 192 148 16
413 97 685 148 AcTUs
730 100 768 146 1.
819 98 931 148 sc,
982 103 1019 149 1.
1259 122 1354 171 35⁷.

58 205 187 252 Facit
221 204 412 270 injurias
446 206 696 263 inmerito,

57 278 257 340 Nosque
291 278 350 324 ab
380 278 451 324 his
480 279 719 324 abducere
740 279 855 324 volt.

55 352 161 399 Hae
182 369 254 399 res
280 353 404 399 vitae
434 370 513 399 me
534 388 547 410 ,
578 369 727 411 soror,
771 363 1009 399 saturant:
1052 396 1055 400 ,

59 425 164 473 Hae
195 425 313 472 mihi
346 426 551 471 dividiae
584 422 632 471 et
666 426 796 472 senio
827 436 952 472 sunt.

414 516 444 550 Ρ
481 516 517 549 A
550 517 585 550 Ν
619 517 649 549 Ε
690 518 720 551 G
758 518 793 550 Y
828 518 862 551 R
897 517 920 550 1
956 516 993 550 s.

54 578 164 626 Neu
192 581 397 626 lacruma
415 613 430 635 ,
460 595 612 630 soror;
646 597 742 625 neu
765 590 854 625 tuo
879 579 932 624 id
963 578 1125 624 animo

54 652 145 699 Fac
162 688 177 711 ,
209 653 347 714 quod
370 652 460 698 tibi
490 663 599 699 tuus
632 665 764 715 pater
792 652 941 699 facere
962 652 1181 700 minatur.

55 725 170 785 Spes
207 736 275 770 est
304 741 417 770 eum
446 724 615 770 melius
647 724 898 770 facturum.

52 797 182 844 Novi
211 813 300 861 ego
326 797 493 843 illum:
530 796 668 843 istaec
691 798 859 861 joculo
894 797 1033 845 dicit:

53 869 227 931 Neque
255 870 336 916 ille
363 870 451 915 sibi
476 881 656 916 mereat
684 871 927 919 Persarum

52 942 270 999 Montes,
308 942 394 1003 qui
424 957 518 987 oese
538 942 667 988 aurei
694 944 1008 1004 perhibentur
1024 978 1053 1002 ‚.

53 1014 136 1061 Uti
157 1015 276 1061 istuc
297 1014 462 1071 faciat,
496 1014 636 1075 quod
662 1026 718 1060 tu
749 1017 936 1062 metuis.

48 1086 234 1132 Tamen
262 1086 299 1132 si
330 1085 466 1132 faciat
484 1121 499 1144 ,
532 1088 754 1136 minume
783 1090 917 1136 irasci

48 1159 224 1207 Decet:
258 1176 417 1221 neque
455 1161 506 1206 id
538 1162 762 1210 inmerito
797 1163 998 1210 eveniet.

46 1231 173 1279 Nam
204 1233 291 1280 viri
322 1233 470 1279 nostri
503 1234 651 1282 domo
680 1247 737 1283 ut
771 1236 995 1283 abierunt
1012 1270 1029 1295 ,

47 1304 142 1352 Hic
164 1306 328 1352 tertius
362 1322 528 1353 annus.

443 1384 474 1417 Ρ
509 1385 531 1417 1
566 1386 601 1417 N
635 1385 671 1418 A
706 1386 734 1418 c
769 1385 790 1417 1
826 1384 863 1416 U
897 1384 956 1417 M.

530 1437 617 1488 ‘Ita
643 1455 699 1488 ut
723 1459 971 1488 memoras.

411 1528 442 1562 Ρ
477 1529 513 1562 Α
547 1530 582 1563 Ν
618 1530 650 1562 Ε
687 1530 721 1562 G
758 1529 790 1561 Y
824 1530 860 1562 R
893 1528 914 1560 1
948 1526 987 1559 s.

50 1587 222 1656 Quom
255 1587 343 1649 ipsi
380 1587 554 1633 interea
587 1588 750 1634 vivant
765 1621 780 1643 ,
814 1588 1029 1638 valeant:

49 1660 144 1706 Ubi
178 1660 272 1723 sint
289 1695 303 1717 ,
343 1660 462 1720 quid
489 1672 627 1726 agant
645 1695 660 1718 ,
689 1660 865 1721 ecquid
885 1670 1025 1724 agant
1042 1693 1058 1716 ,

49 1733 222 1794 Neque
247 1733 532 1796 participant
562 1751 676 1792 nos,
708 1750 868 1798 neque
899 1732 1116 1779 redeunt.

410 1821 463 1861 'P
498 1809 521 1860 r
557 1829 592 1862 n
627 1829 663 1861 A
700 1829 728 1861 c
764 1828 786 1860 1
822 1827 859 1860 u
894 1828 950 1860 M.
1107 1812 1110 1815 ’

50 1886 128 1935 An
160 1886 213 1933 id
243 1886 399 1946 doles,
433 1895 560 1935 soror
575 1923 591 1946 ,
626 1889 738 1949 quia
771 1889 840 1934 illi
866 1904 1008 1934 suum
1038 1886 1248 1934 officium

47 1959 162 2007 Non
185 1960 381 2017 colunt,
416 1977 567 2021 quom
600 1970 743 2007 tuum
774 1960 920 2031 facis?

68 2039 70 2043 ’
406 2053 437 2086 P
471 2053 506 2087 A
541 2054 575 2087 Ν
612 2054 643 2086 E
680 2052 714 2086 G
749 2054 786 2088 Y
818 2042 854 2106 n
886 2054 910 2087 1
945 2053 985 2087 s.
1212 2080 1223 2090 ,

792 2107 831 2177 ss
943 2115 1016 2160 Ita
1046 2115 1144 2175 pol.

427 2188 457 2222 P
492 2189 514 2222 1
547 2189 582 2221 N
617 2188 653 2222 A
689 2188 717 2221 C
751 2189 775 2222 1
807 2188 846 2222 U
880 2190 940 2224 M.

44 2253 170 2299 Tace
204 2253 286 2299 sis!
323 2267 436 2298 cave
466 2251 521 2297 sis
553 2251 745 2300 audiam
777 2269 865 2318 ego
898 2253 1017 2299 istuc
1034 2287 1051 2311 ,

49 2325 206 2386 Cave,
234 2326 430 2388 posthac
464 2338 529 2371 ex»
556 2333 621 2370 te.
996 2397 1038 2442 Z

1072 2412 1096 2457 3
