1630 2866
1273 162 1363 208 421

289 265 1238 339 ACTUsPR1MUs'

513 404 838 452 SCENA
903 406 944 451 Ι.

379 532 1110 569 MEGARONIDES.

90 586 270 698 NAE
302 650 508 695 amicum
533 651 747 714 castigare
773 651 837 696 ob
865 651 1083 698 meritam
1109 652 1331 711 noxiam,

89 725 296 769 Inmune
321 734 388 769 est
417 722 620 773 facinus;
654 740 823 770 verum
848 724 906 769 'in
935 735 1084 770 aetate
1110 724 1226 770 utile

88 797 150 842 Et
179 796 493 843 conducibile.
522 813 633 842 nam
659 813 747 861 ego
771 797 977 843 amicum
1003 796 1147 843 hodie
1168 813 1332 845 meum

89 868 427 933 Concastigabo
457 885 548 930 pro
582 870 840 915 conmerita
865 869 1039 925 noxia,

88 941 297 998 Invitus,
329 941 383 986 ni
409 957 488 987 me
514 941 567 986 id
596 941 766 987 invitet
794 951 850 985 ut
879 939 1046 985 faciam
1080 941 1210 987 fides.

86 1011 212 1056 Nam
236 1011 311 1056 hic
341 1011 547 1056 nimium
578 1010 775 1056 morbus
801 1026 958 1056 mores
990 1010 1155 1056 invasit
1182 1012 1362 1069 bonOS,

86 1083 159 1129 Ita
179 1083 397 1145 plerique
420 1098 585 1129 omnes
609 1083 710 1145 jam
737 1092 848 1128 sunt
875 1082 1191 1128 intermortui.

80 1155 183 1207 Sed
210 1155 329 1201 dum
352 1155 421 1200 illi
442 1166 686 1220 aegrotant
704 1189 718 1212 ,
748 1154 938 1200 interim
966 1171 1120 1201 mores
1150 1156 1285 1214 mali,

85 1228 232 1296 Quasi
269 1227 412 1273 herba
441 1228 618 1292 inrigua
634 1263 648 1285 ,
684 1245 951 1275 succrevere
985 1230 1252 1277 uberrume.

85 1300 257 1362 Neque
289 1299 558 1361 quidquam
588 1301 663 1347 hic
695 1302 789 1349 vile
818 1318 948 1348 nunc
971 1314 1066 1360 est,
1095 1303 1183 1349 nisi
1209 1319 1362 1350 mores

343 1372 468 1417 mali.

85 1445 267 1492 Eorum
295 1444 406 1489 licet
421 1445 519 1506 jam
542 1460 738 1489 messem
771 1456 947 1490 metere
970 1444 1270 1502 maxumam,

89 1516 347 1575 Nimioque
376 1516 452 1560 hic
470 1515 631 1575 -pluris
662 1517 941 1575 pauciorum
975 1517 1166 1579 gratiam

89 1588 287 1634 faciunt
309 1603 414 1648 pars
446 1587 730 1644 hominum,
766 1603 912 1648 quam
940 1587 1019 1644 id,
1055 1587 1191 1647 quod
1215 1588 1362 1648 prosit

340 1660 570 1721 pluribus.

89 1735 162 1780 Ita
187 1735 388 1779 vincunt
411 1732 532 1778 illud
568 1731 867 1778 conducibile
901 1733 1099 1796 gratiae3

93 1805 229 1872 Quae
246 1803 295 1848 in
314 1803 453 1849 rebus
474 1803 635 1849 multis
652 1804 840 1849 obstant
852 1838 865 1861 ‚
886 1803 1168 1864 odiosaeque
1189 1816 1326 1863 sunt,

90 1876 441 1937 Remoramque
460 1875 639 1938 faciunt
657 1875 724 1921 rei
742 1875 948 1937 privatae
966 1886 1014 1922 et
1033 1875 1265 1936 publicae.

473 2003 798 2050 SCENA
871 2006 971 2051 II.

75 2120 87 2129 “
148 2132 632 2172 GALLICLES,
690 2130 1302 2169 MEGARONIDES.

443 2248 996 2283 CALLICLES.

91 2305 361 2416 LAREM
392 2382 565 2415 corona
590 2375 806 2413 nostrum
839 2364 1044 2412 decorari
1071 2368 1199 2413 volo.

973 2437 1020 2484 D
1043 2437 1076 2483 d
1110 2453 1135 2498 3
