1630 2866
20 2159 219 2240 §aculem
261 2142 271 2152 ⁰

282 171 372 218 432
579 150 1234 214 TRINUMMUS.
1403 158 1569 218 v.169

283 262 436 334 Quod
465 261 669 323 quisque
693 261 743 306 in
762 260 923 306 animo
950 259 1121 318 habet,
1139 272 1222 307 aut
1239 261 1492 308 habituru’
1495 274 1566 320 st,

499 358 501 360 ·
533 334 701 380 sciunt.

285 409 451 456 Sciunt
483 406 559 464 id,
585 404 719 467 quod
750 405 800 450 in
826 421 987 451 aurem
1009 421 1094 451 rex
1118 404 1302 468 reginae
1333 406 1529 452 dixerit:

286 481 477 537 Sciunt,
515 478 650 540 quod
673 479 804 536 Juno
834 477 1040 523 fabulata
1068 489 1135 523 est
1171 493 1284 523 cum
1310 477 1458 535 Jove:

291 554 430 623 Quae
445 568 607 612 neque
631 550 804 607 futura,
823 567 985 611 neque
1004 560 1132 607 sunt,
1149 559 1311 595 tamen
1325 549 1393 594 illi
1407 549 1574 596 sciunt.

286 627 468 672 Falson'
494 642 553 671 an
585 641 699 672 vero
724 623 947 680 laudent,
975 624 1197 684 culpent,
1231 638 1378 684 quem
1394 623 1573 683 velint,

284 699 398 744 Non
432 698 568 744 flocci
601 696 810 747 faciunt;
853 696 974 741 dum
1013 695 1166 752 illud,
1210 693 1347 756 quod
1376 694 1571 752 lubeat,

538 770 696 816 sciant.

288 847 469 892 Omnes
503 842 882 890 mortales'hunc
913 842 1073 888 aibant
1099 840 1340 887 Calliclem

289 920 553 983 Indignum
582 918 769 964 civitate
805 918 891 962 hac
909 933 1012 976 ,Q
1047 927 1094 974 et
1127 915 1287 962 vivere
1305 950 1320 972 ‚
1387 903 1530 959 dac

286 991 426 1037 Bonis
457 991 541 1051 qui
571 991 703 1035 hunc
732 990 1087 1034 adulescentem
1121 990 1360 1034 evortisset
1391 988 1496 1035 suis.

288 1065 389 1126 Ego
422 1063 482 1107 de
516 1078 686 1107 eorum
716 1062 868 1106 verbis
903 1061 1285 1123 famigeratorum
1319 1060 1489 1106 inscius

287 1135 487 1181 Prosilui
518 1133 728 1181 amicum
755 1133 1031 1196 castigatum
1067 1132 1332 1178 innoxium.

273 1203 439 1278 ⁴Quod
466 1209 501 1254 si
529 1207 803 1268 exquiratur
832 1222 985 1265 usque
1008 1205 1067 1250 ab
1092 1205 1232 1267 stirpe
1252 1206 1498 1252 auctoritas
1513 1240 1528 1263 ‚

288 1282 428 1328 Unde
453 1281 699 1343 quidquid
716 1279 934 1326 auditum
954 1279 1137 1336 dicant,
1156 1279 1242 1323 nisi
1261 1278 1313 1324 id
1330 1290 1571 1341 appareat,

288 1355 617 1419 Famigeratori
646 1371 715 1399 res
749 1354 806 1398 sit
842 1368 956 1398 cum
993 1351 1169 1397 damno
1195 1362 1243 1398 et
1274 1352 1426 1398 malo:

290 1430 400 1475 Hoc
422 1429 486 1473 ita
507 1427 543 1472 si
572 1427 653 1479 fiat
673 1461 686 1483 ‚
715 1425 912 1487 publico
942 1425 1021 1469 fiat
1050 1425 1198 1469 bono.

290 1501 433 1546 Pauci
465 1500 558 1545 sint
586 1498 734 1544 faxim
752 1532 766 1555 ,
798 1498 882 1558 qui
909 1497 1079 1553 sciant,
1110 1497 1248 1557 quod
1282 1496 1529 1554 nesciunt,

268 1573 721 1640 'Occlusioremque
750 1571 954 1616 habeant
981 1570 1423 1631 stultiloquentiam.

575 1750 982 1809 ACTU
1049 1749 1284 1810 S·11.

679 1892 1066 1941 SCENA
1145 1893 1185 1937 ι.

648 2050 1204 2088 LYSITELES.

293 2110 638 2224 MULTAS
683 2188 751 2218 res
791 2171 952 2217 simitu
987 2171 1037 2215 in
1076 2185 1188 2216 meo
1225 2167 1366 2216 corde
1401 2180 1572 2222 vor30,

547 2246 760 2291 multum
789 2245 840 2290 in
866 2242 1117 2308 cogitando

293 2321 527 2369 Dolorem
555 2319 832 2380 indipiscor:
877 2326 1067 2381 egomet
1098 2330 1176 2360 me
1205 2313 1486 2371 cuneoque,
1523 2319 1571 2354 et

548 2408 733 2439 macero
755 2426 769 2449 ‚
801 2402 848 2437 et
871 2389 1089 2451 defatigo.
