1630 2866
71 182 197 230 ηιμ
356 162 665 213 ACTUS
722 163 782 212 V.
834 164 944 212 SC.
995 164 1094 213 VI.
1266 180 1356 230 1¹3

74 270 260 317 Malum
283 279 524 330 postremo
548 270 642 314 hoc
662 281 807 312 omne
834 265 896 311 ad
920 266 1147 313 lenonem
1164 267 1303 314 redit.

74 343 217 390 Nunc
232 342 370 402 quod
384 354 681 403 postremum
690 341 745 386 ’st
758 339 1123 386 condimentum
1133 340 1358 402 Fabulae,

70 413 123 462 Si
146 414 352 476 placuit,
392 416 613 476 plausum
646 415 857 476 postulat
886 413 1159 461 Comoedia.

117 611 625 697 P9ENULO
693 610 1310 661 SUPPOSITA.

49 848 52 849 ⁷
70 719 166 832 P
173 797 238 831 os
251 798 283 831 T
307 784 452 831 Actus
468 785 515 832 V
532 784 730 832 Scenam
748 786 816 834 VI
841 799 888 833 et
911 789 1154 848 ultimam,
1174 791 1358 856 adjecef

70 871 189 907 runt
217 871 331 908 vett.
358 861 505 907 Editt.
537 873 818 922 sequentem
845 863 1056 913 scenam.
1110 873 1115 876 '

70 1019 735 1058 AGoRASTOCLES,
779 1021 1035 1060 LYCUS,
1076 1021 1356 1063 HANNO,

109 1104 677 1144 ADELPHASIUM.
718 1106 1317 1164 ANTERASTILISff

422 1198 1022 1235 ANTHEMONIDES.

322 1328 1113 1366 AGORASTOCLES.

76 1376 294 1518 QUA
307 1453 354 1487 M
379 1458 467 1486 rem
496 1443 592 1502 agit
611 1443 648 1486 is
663 1443 784 1487 miles
798 1478 812 1490 ‚
839 1445 938 1505 quoi
966 1444 1080 1490 lubet
1087 1457 1247 1510 patruo
1264 1463 1354 1493 meo

323 1515 435 1576 loqui
468 1515 787 1559 inclementer?

66 1586 137 1633 Ne
162 1587 343 1634 mirere,
369 1586 566 1630 mulieres
589 1587 702 1649 quod
726 1602 819 1632 eum
845 1600 1109 1650 sequuntur.-
1138 1590 1259 1635 modo
1284 1607 1354 1637 co·-

313 1661 468 1720 gnovit
485 1660 619 1722 filias

66 1731 179 1776 Suas
205 1747 291 1777 esse
324 1732 448 1777 hasce
478 1733 639 1777 ambas.

219 1808 221 1810 ¹
562 1818 593 1850 I.
631 1818 665 1851 Y
701 1818 729 1851 C
766 1818 804 1851 U
839 1817 878 1851 S.

146 1878 284 1927 Hem⁴
300 1881 410 1942 quod
420 1882 592 1927 verbum
616 1899 740 1928 aures
758 1898 875 1930 meas
902 1884 1079 1944 tetigit!
1097 1899 1211 1930 nunc
1220 1886 1347 1948 perii.

74 1949 192 1999 Unde
220 1950 299 1997 llae
320 1954 588 2015 perierunt?

329 2034 1111 2075 AGORASTOCLES.

358 2091 498 2139 Domo
532 2095 912 2158 Carthaginienses
937 2113 1052 2146 sunt.

553 2181 586 2214 L
621 2182 656 2215 Y
692 2183 719 2215 C
754 2178 792 2214 ‘U
827 2184 867 2217 S.

840 2244 903 2288 At
931 2261 1008 2305 ego
1034 2263 1128 2291 sum
1141 2248 1351 2310 perditus.

75 2310 199 2357 Illud
226 2327 302 2374 ego
323 2312 457 2357 metui
480 2328 667 2376 semper,
697 2329 752 2357 ne
782 2330 1047 2374 cognosceret
1074 2334 1146 2364 eas
1177 2321 1353 2384 aliquis:

327 2384 438 2445 quod
469 2401 582 2431 nunc
596 2383 778 2448 sactum
806 2397 882 2433 est.

148 2450 236 2500 Vol.
258 2454 351 2502 ῙΠ.
1071 2459 1122 2508 Η
