1630 2866
166 171 298 223 ,ιιι
485 145 777 202 ACTUS
828 147 867 195 1.
917 143 1025 195 sc.
1076 145 1117 192 1.
1391 151 1455 201 ις

425 262 1218 309 AGORASTOGLES.

170 336 222 385 Si
245 335 335 383 tibi
361 334 537 382 lubido
557 335 612 379 ’st
641 344 724 378 aut
746 328 985 392 voluptati
1001 362 1017 386 ‚
1044 327 1148 373 sino
1163 360 1179 384 ,

171 407 421 471 Suspende
441 440 458 465 ,
480 405 609 454 vinci
626 439 641 463 ‚
676 402 873 451 verbera
890 435 908 460 ‚
933 411 1099 448 auctor
1125 414 1233 446 sum
1252 430 1268 455 ,
1295 396 1413 444 sino.

595 499 639 533 Μ
675 497 697 530 1
732 497 764 530 Ι.
800 496 829 529 Ρ
866 495 901 528 Η
935 495 956 528 1
993 495 1040 528 o.

173 559 224 608 Si
251 561 579 608 auctoritatem
612 567 775 620 postea
807 554 1041 620 defugeris
1054 588 1069 612 ‚

174 633 272 680 Ubi
299 627 550 679 dissolutus
582 643 638 677 tu
665 629 749 675 sies
766 663 781 687 ,
816 644 904 693 ego
937 626 1192 689 pendeam.

270 774 274 777 Ι
433 720 1223 761 AGonASTOCLEs.

177 787 342 852 Egone
377 788 496 835 istuc
527 788 673 834 ausim
700 785 851 832 facere
880 784 1154 846 praesertim
1191 780 1317 827 tibi?

178 861 316 932 Quin
342 862 379 908 si
409 861 533 908 feriri
565 860 707 906 video
743 870 793 904 te
810 892 824 916 ,
852 857 1099 918 extemplo
1138 855 1289 902 dolet.

603 954 647 987 M
683 953 704 985 1
739 951 770 984 1.
806 951 836 984 P
871 950 908 983 11
940 951 962 983 1
1001 950 1051 983 ο.

179 1014 300 1061 Mihi
328 1014 528 1076 quidem
557 1014 727 1060 hercle.

441 1089 1229 1133 AGORASTOCLES.

744 1155 904 1202 Immo
935 1153 1070 1199 mihi.

606 1248 651 1283 M
685 1249 708 1283 1
743 1248 775 1283 L
810 1248 838 1281 P
874 1247 911 1282 H
943 1247 967 1282 1
1002 1247 1049 1281 O.

1074 1299 1198 1345 Istuc
1232 1296 1469 1344 mavelim.

184 1366 280 1416 Sed
312 1366 432 1429 quid
461 1381 593 1413 nunc
623 1365 714 1412 tibi
743 1366 848 1413 vis?

446 1458 1245 1496 AGORASTocLEs.

755 1523 855 1570 Cur
885 1540 974 1588 ego
1002 1521 1134 1584 apud
1159 1532 1206 1566 te
1239 1513 1477 1565 mentiax?

188 1589 314 1638 Amo
338 1587 615 1636 inmodeste.

613 1674 659 1707 M
693 1673 716 1707 1
750 1673 782 1706 1.
815 1673 845 1706 P
881 1673 917 1706 Η
952 1673 973 1706 1
1008 1672 1054 1705 o.

689 1733 826 1779 Meae
855 1734 974 1779 istuc
1003 1732 1218 1793 ‘scapulae
1248 1728 1473 1775 sentiunt.

220 1850 223 1852 .
449 1815 1237 1853 AGORASTOGLES.

193 1877 258 1924 At
283 1895 370 1944 ego
394 1879 516 1926 hanc
542 1880 747 1927 vicinam
778 1879 889 1925 dico
914 1877 1260 1939 Adelphasium
1285 1891 1442 1922 meam
1457 1903 1474 1929 ‚

195 1951 401 1999 Lenonis
429 1953 569 2018 hujus
596 1952 898 2001 meretricem
930 1951 1247 2016 majusculam.

616 2048 661 2082 M
698 2049 721 2081 1
757 2049 787 2081 1.
822 2048 850 2081 P
886 2048 923 2081 Η
956 2048 979 2081 1
1014 2047 1060 2080 o.

190 2106 488 2169 Jampridem
516 2109 747 2170 equidem
776 2110 893 2155 istuc
918 2124 979 2154 ex
1009 2119 1059 2154 te
1087 2106 1262 2153 audivi.

460 2198 1243 2243 AGoRAS'roans.

1276 2247 1481 2298 Differor

201 2317 443 2380 Cupidine
467 2317 575 2381 ejus.
603 2315 685 2363 sed
705 2317 883 2363 lenone
910 2316 1029 2363 istoc
1054 2314 1213 2377 Lyco,

202 2392 333 2447 Elius
360 2393 561 2440 domino
575 2426 591 2451 ,
622 2407 725 2438 non
758 2393 919 2439 lutum
935 2393 991 2439 ’st
1024 2391 1319 2439 lutulentius.
