1598 2814
1290 183 1382 231 513

358 425 1136 487 PROLOGUS.

102 559 233 672 PE
250 635 321 670 ΒΡ
338 634 467 670 ARV
480 634 515 668 A
528 634 573 669 M
597 632 781 684 partem
802 623 1012 683 postulat
1038 622 1231 668 Plautus
1259 622 1352 668 loci

104 697 183 743 De
216 695 379 742 vostris
405 695 583 759 magnis
609 707 753 755 atque
777 695 987 740 amoenis
1016 694 1270 741 moenibus
1285 728 1303 753 ‚

103 768 312 816 Athenas
334 784 435 830 quo
467 770 563 814 sine
594 768 854 813 architectis
886 765 1114 813 conferat.

105 845 245 914 Quid
275 860 402 891 nunc
415 845 437 890 Ξ)
462 845 661 890 daturin'
682 843 812 902 estis,
831 859 893 890 an
916 843 1051 904 non?
1073 843 1308 890 adnuunt.

107 917 318 964 Meditor
350 917 575 977 equidem
610 917 744 962 vobis
765 933 844 962 me
879 917 1151 963 ablaturum
1177 918 1276 962 sine

108 988 259 1037 Mora.
276 989 396 1050 quid
408 990 443 1034 si
460 989 519 1034 de
535 1000 693 1034 vostro
708 988 955 1050 quidpiam
973 990 1135 1034 orem?
1150 990 1386 1036 abnuunt.

107 1061 184 1107 En
210 1060 446 1109 mehercle
475 1061 526 1104 in
550 1060 684 1106 vobis
712 1059 918 1106 resident
945 1077 1100 1106 mores
1125 1061 1307 1122 pristini
1323 1095 1339 1119 ‚

107 1131 188 1178 Ad
203 1131 539 1195 denegandum
568 1143 624 1177 ut
652 1132 792 1179 celeri
818 1132 980 1196 lingua
1004 1132 1214 1177 utamini.

110 1203 207 1252 Sed
231 1204 324 1250 hoc
351 1220 538 1267 agamus
556 1238 571 1261 ,
595 1220 691 1264 qua
717 1205 812 1250 huc
836 1217 1038 1254 ventum
1054 1206 1109 1251 ’st
1137 1206 1293 1269 gratia.

109 1277 326 1324 Athenae
353 1276 464 1322 istae
493 1288 664 1332 sunm,
692 1276 754 1321 ita
777 1288 833 1322 ut
851 1277 942 1322 hoc
971 1290 1038 1323 est
1055 1278 1357 1338 proscenium
1372 1312 1391 1336 ,

109 1348 360 1410 Tantisper
386 1350 507 1394 dum
540 1350 832 1413 transigimus
858 1352 981 1396 hanc
1011 1350 1346 1396 Comoediam.

110 1421 207 1468 Hic
223 1422 405 1467 habitat
418 1422 588 1466 mulier
599 1457 612 1479 ‚
626 1424 824 1468 nomine
845 1441 967 1484 quae
985 1435 1052 1469 est
1064 1424 1388 1469 Phronesium.

114 1493 247 1540 Haec
272 1492 412 1555 hujus
439 1493 574 1537 saecli
602 1510 759 1538 mores
786 1494 836 1539 in
862 1511 909 1540 se
939 1495 1175 1554 possidet;

115 1564 399 1626 Numquam
420 1564 479 1610 ab
506 1575 712 1611 amatore
736 1582 821 1611 suo
849 1567 1058 1628 postulat
1083 1565 1135 1611 id
1153 1566 1292 1627 quod
1313 1566 1395 1614 da-

375 1649 483 1682 tum
503 1637 580 1698 fst;

120 1710 218 1757 Sed
248 1710 482 1772 reliquam
502 1710 584 1756 dat
603 1727 795 1773 operam
822 1728 885 1758 ne
910 1712 968 1757 sit
994 1712 1265 1772 reliquum,

119 1784 368 1831 Poscendo
382 1796 527 1846 atque
544 1785 804 1833 auferendo
815 1822 830 1844 ,
847 1798 902 1832 ut
920 1803 1023 1832 mos
1044 1799 1111 1832 est
1125 1788 1395 1835 mulierum.

122 1857 248 1902 Nam
262 1873 426 1904 omnes
441 1858 491 1903 id
505 1858 698 1921 faciunt,
713 1876 866 1920 quom
883 1877 929 1904 se
942 1860 1084 1905 amari
1100 1860 1395 1923 intellegunt.

121 1929 191 1976 Ea
214 1944 262 1974 se
286 1931 515 1992 peperisse
538 1948 747 1992 puerum
773 1933 959 1977 simulat
981 1931 1148 1987 Militi,

124 2001 241 2068 Quo
267 2000 400 2046 citius
428 2017 531 2047 rem
552 2002 613 2048 ab
635 2019 692 2048 eo
718 2001 894 2049 auferat
923 2018 1035 2046 cum
1060 2002 1342 2062 pulvisculo.

124 2072 264 2143 Quid
290 2074 473 2119 multa?
508 2085 627 2120 aetas
651 2075 762 2120 huic
793 2076 829 2120 si
857 2086 1045 2135 superet
1073 2075 1294 2132 mulieri,

125 2146 171 2192 ls
202 2161 316 2192 cum
345 2145 500 2191 anima
532 2145 594 2192 ad
624 2162 728 2193 earn
758 2145 1031 2194 habentiam
1058 2147 1292 2195 everterit.

205 2461 292 2510 Vol.
324 2464 413 2510 ΙΙΙ.
989 2509 994 2513 .
1115 2469 1156 2515 Κ
1173 2470 1206 2516 k
