1630 2866
219 208 317 261 ’ῳ
546 186 1192 240 PSEUDOLUS.
1399 200 1499 234 ψη

581 311 607 343 c
647 309 681 342 A
717 309 747 341 L
787 309 807 340 1
844 308 879 340 D
916 308 950 340 ο
985 309 1019 342 Β.
1054 307 1088 340 U
1127 307 1165 340 s.

222 375 363 446 Quid
388 373 506 420 mihi
526 389 583 418 -es
610 382 798 426 auctor,
830 369 940 415 huic
968 379 1026 416 ut.
1049 368 1262 425 mittam3
1293 381 1355 413 ne
1388 364 1506 420 ami÷

477 457 581 492 cam
611 445 688 492 hjc
716 460 874 489 meam
906 439 1189 503 prostituat?
1259 471 1262 474 ψ

583 551 1163 591 PSEUDOLUS.

222 631 350 680 Bene
380 629 577 676 curassis.
607 626 798 687 liquido
829 640 873 670 es
905 625 1089 670 animo:
1121 637 1208 686 ego
1237 635 1326 683 pro
1351 635 1430 666 me
1459 629 1507 665 et

478 717 566 762 pro
597 711 645 745 te
673 700 862 745 curabo.
1322 745 1327 747 ,

219 776 412 838 Jamdiu
440 791 526 839 ego
557 774 668 819 huic
696 774 820 819 bene
847 781 894 816 et
919 771 995 816 hic
1026 769 1142 815 mihi
1171 769 1421 823 volumUS,
1461 774 1510 811 et

479 848 682 892 amicitia
699 848 754 892 'st
785 846 989 906 antiqua.

226 921 418 968 Mittam
454 919 601 966 hodie
642 918 753 964 huic
789 934 873 962 suo
911 917 989 962 die
1023 914 1166 960 natali
1200 914 1376 961 malam
1409 926 1512 957 rem

428 1040 434 1047 ,
479 1008 701 1054 magnam
729 1002 777 1035 et
801 1000 1050 1036 maturam.

586 1092 612 1123 c
650 1090 685 1123 A
718 1091 751 1124 1.
785 1091 806 1122 Ι
841 1091 877 1123 D
914 1090 946 1122 o
983 1089 1016 1121 R
1053 1086 1088 1119 U
1124 1085 1165 1121 s-

230 1163 369 1233 Quid
396 1179 496 1224 opu
517 1160 607 1207 ’sti'

585 1254 614 1286 P
652 1253 673 1287 S
711 1254 741 1286 E
779 1253 816 1286 U
855 1253 890 1285 D
929 1251 961 1285 Ο
999 1250 1031 1284 L
1067 1249 1103 1283 U
1138 1248 1176 1283 S.

359 1323 509 1370 Potin’
534 1310 674 1368 aliam
694 1338 796 1366 rem
819 1331 875 1366 ut
893 1318 1056 1364 cures?

590 1423 1174 1462 CALIDORUS.

938 1495 1014 1542 At.

588 1587 1180 1628 PSEUDOLUS.

1012 1661 1108 1706 Bat.

592 1759 620 1790 c
656 1757 690 1791 A
727 1756 758 1789 L
793 1756 815 1788 1
856 1756 892 1787 D
931 1754 963 1787 ο
1000 1754 1033 1786 R
1069 1753 1103 1785 U
1143 1750 1182 1784 s.

1089 1818 1294 1865 Crucior.

595 1912 1183 1950 PSEUDOLUS.

1270 1963 1523 2011 Cordura.'

596 2043 1172 2081 CALIDORUS.

243 2112 590 2172 Nonpossum.

596 2196 1179 2235 PSEUDOLUS.

377 2275 467 2322 Fac
499 2273 654 2337 possis.

548 2405 551 2406 γ
603 2371 629 2402 c
670 2369 703 2402 A
741 2369 771 2402 L
805 2368 827 2400 1
863 2369 899 2401 D
937 2366 971 2399 o
1006 2367 1039 2398 R
1074 2363 1109 2396 u
1145 2360 1182 2393 s.

475 2439 704 2507 Quonam
722 2444 861 2495 pacto
883 2431 1054 2493 possim
1068 2428 1255 2477 vincere
1270 2424 1484 2470 animum
1495 2423 1518 2469 Ρ
