<?xml version="1.0" encoding="UTF-8"?>
<!DOCTYPE html PUBLIC "-//W3C//DTD XHTML 1.0 Transitional//EN"
    "http://www.w3.org/TR/xhtml1/DTD/xhtml1-transitional.dtd">
<html xmlns="http://www.w3.org/1999/xhtml" xml:lang="en" lang="en">
 <head>
  <title>
</title>
<meta http-equiv="Content-Type" content="text/html;charset=utf-8" />
  <meta name='ocr-system' content='tesseract 3.04.00' />
  <meta name='ocr-capabilities' content='ocr_page ocr_carea ocr_par ocr_line ocrx_word'/>
</head>
<body>
  <div class='ocr_page' id='page_1' title='image "./comoediaesuperst03plauuoft_0460.png"; bbox 0 0 1690 2872; ppageno 0'>
   <div class='ocr_carea' id='block_1_1' title="bbox 307 165 1591 239">
    <p class='ocr_par' dir='ltr' id='par_1_1' title="bbox 307 165 1591 239">
     <span class='ocr_line' id='line_1_1' title="bbox 307 165 1591 239; baseline 0.011 -29"><span class='ocrx_word' id='word_1_1' title='bbox 307 172 404 221; x_wconf 75' lang='lat'>454</span> <span class='ocrx_word' id='word_1_2' title='bbox 606 165 1265 220; x_wconf 84' lang='lat' dir='ltr'>TRINUMMUS.</span> <span class='ocrx_word' id='word_1_3' title='bbox 1429 180 1591 239; x_wconf 72' lang='lat' dir='ltr'>v.137</span> 
     </span>
    </p>
   </div>
   <div class='ocr_carea' id='block_1_2' title="bbox 701 284 1213 324">
    <p class='ocr_par' dir='ltr' id='par_1_2' title="bbox 701 284 1213 324">
     <span class='ocr_line' id='line_1_2' title="bbox 701 284 1213 324; baseline 0.012 -6"><span class='ocrx_word' id='word_1_4' title='bbox 701 284 1213 324; x_wconf 86' lang='lat' dir='ltr'><strong>STASIMUS.</strong></span> 
     </span>
    </p>
   </div>
   <div class='ocr_carea' id='block_1_3' title="bbox 308 354 1599 1079">
    <p class='ocr_par' dir='ltr' id='par_1_3' title="bbox 308 354 1473 420">
     <span class='ocr_line' id='line_1_3' title="bbox 308 354 1473 420; baseline 0.005 -19"><span class='ocrx_word' id='word_1_5' title='bbox 308 355 454 420; x_wconf 84' lang='lat' dir='ltr'>Magis</span> <span class='ocrx_word' id='word_1_6' title='bbox 481 358 624 418; x_wconf 79' lang='lat' dir='ltr'>apage</span> <span class='ocrx_word' id='word_1_7' title='bbox 650 354 796 412; x_wconf 58' lang='lat' dir='ltr'>diem,</span> <span class='ocrx_word' id='word_1_8' title='bbox 823 356 859 401; x_wconf 89' lang='lat' dir='ltr'>si</span> <span class='ocrx_word' id='word_1_9' title='bbox 891 358 1051 403; x_wconf 83' lang='lat' dir='ltr'>omnia</span> <span class='ocrx_word' id='word_1_10' title='bbox 1078 375 1103 403; x_wconf 83' lang='lat' dir='ltr'>a</span> <span class='ocrx_word' id='word_1_11' title='bbox 1134 376 1211 404; x_wconf 91' lang='lat' dir='ltr'>me</span> <span class='ocrx_word' id='word_1_12' title='bbox 1236 359 1473 407; x_wconf 64' lang='lat' dir='ltr'>audiveris</span> 
     </span>
    </p>

    <p class='ocr_par' dir='ltr' id='par_1_4' title="bbox 311 430 1428 494">
     <span class='ocr_line' id='line_1_4' title="bbox 311 430 1428 494; baseline 0.004 -18"><span class='ocrx_word' id='word_1_13' title='bbox 311 431 435 477; x_wconf 89' lang='lat' dir='ltr'>Nam</span> <span class='ocrx_word' id='word_1_14' title='bbox 461 430 714 494; x_wconf 81' lang='lat' dir='ltr'>fulguritae</span> <span class='ocrx_word' id='word_1_15' title='bbox 743 443 852 477; x_wconf 89' lang='lat' dir='ltr'>sunt</span> <span class='ocrx_word' id='word_1_16' title='bbox 889 432 964 478; x_wconf 85' lang='lat' dir='ltr'>hjc</span> <span class='ocrx_word' id='word_1_17' title='bbox 994 435 1200 480; x_wconf 88' lang='lat' dir='ltr'>alternae</span> <span class='ocrx_word' id='word_1_18' title='bbox 1236 435 1428 483; x_wconf 78' lang='lat' dir='ltr'>arboreS.</span> 
     </span>
    </p>

    <p class='ocr_par' dir='ltr' id='par_1_5' title="bbox 311 501 1213 569">
     <span class='ocr_line' id='line_1_5' title="bbox 311 501 1213 569; baseline 0.004 -21"><span class='ocrx_word' id='word_1_19' title='bbox 311 501 426 549; x_wconf 91' lang='lat' dir='ltr'>Sues</span> <span class='ocrx_word' id='word_1_20' title='bbox 458 505 730 550; x_wconf 87' lang='lat' dir='ltr'>moriuntur</span> <span class='ocrx_word' id='word_1_21' title='bbox 761 505 930 569; x_wconf 82' lang='lat' dir='ltr'>angina</span> <span class='ocrx_word' id='word_1_22' title='bbox 958 522 1213 552; x_wconf 84' lang='lat' dir='ltr'><strong>acerrume.</strong></span> 
     </span>
    </p>

    <p class='ocr_par' dir='ltr' id='par_1_6' title="bbox 309 575 1595 697">
     <span class='ocr_line' id='line_1_6' title="bbox 309 575 1595 643; baseline 0.003 -21"><span class='ocrx_word' id='word_1_23' title='bbox 309 575 440 623; x_wconf 86' lang='lat' dir='ltr'>Oves</span> <span class='ocrx_word' id='word_1_24' title='bbox 457 577 638 623; x_wconf 83' lang='lat' dir='ltr'>scabrae</span> <span class='ocrx_word' id='word_1_25' title='bbox 662 589 772 623; x_wconf 89' lang='lat' dir='ltr'>sunt</span> <span class='ocrx_word' id='word_1_26' title='bbox 787 613 801 635; x_wconf 84' lang='lat'>,</span> <span class='ocrx_word' id='word_1_27' title='bbox 821 589 917 625; x_wconf 86' lang='lat' dir='ltr'>tam</span> <span class='ocrx_word' id='word_1_28' title='bbox 936 580 1141 643; x_wconf 80' lang='lat' dir='ltr'>glabrae,</span> <span class='ocrx_word' id='word_1_29' title='bbox 1161 579 1296 626; x_wconf 89' lang='lat' dir='ltr'>hem!</span> <span class='ocrx_word' id='word_1_30' title='bbox 1316 593 1462 642; x_wconf 84' lang='lat' dir='ltr'>quam</span> <span class='ocrx_word' id='word_1_31' title='bbox 1480 580 1595 625; x_wconf 84' lang='lat' dir='ltr'>haec</span> 
     </span>
     <span class='ocr_line' id='line_1_7' title="bbox 570 662 843 697; baseline 0.007 -2"><span class='ocrx_word' id='word_1_32' title='bbox 570 662 638 695; x_wconf 88' lang='lat' dir='ltr'>est</span> <span class='ocrx_word' id='word_1_33' title='bbox 665 667 843 697; x_wconf 86' lang='lat' dir='ltr'>manus.</span> 
     </span>
    </p>

    <p class='ocr_par' dir='ltr' id='par_1_7' title="bbox 309 719 1599 842">
     <span class='ocr_line' id='line_1_8' title="bbox 309 719 1599 789; baseline 0.004 -23"><span class='ocrx_word' id='word_1_34' title='bbox 309 719 443 767; x_wconf 89' lang='lat' dir='ltr'>Tum</span> <span class='ocrx_word' id='word_1_35' title='bbox 476 733 637 767; x_wconf 89' lang='lat' dir='ltr'>autem</span> <span class='ocrx_word' id='word_1_36' title='bbox 670 721 900 785; x_wconf 84' lang='lat' dir='ltr'>Syrorum</span> <span class='ocrx_word' id='word_1_37' title='bbox 921 758 936 783; x_wconf 83' lang='lat'>‚</span> <span class='ocrx_word' id='word_1_38' title='bbox 965 741 1112 789; x_wconf 86' lang='lat' dir='ltr'>genus</span> <span class='ocrx_word' id='word_1_39' title='bbox 1141 724 1279 786; x_wconf 92' lang='lat' dir='ltr'>quod</span> <span class='ocrx_word' id='word_1_40' title='bbox 1300 725 1599 787; x_wconf 87' lang='lat' dir='ltr'>patientissu-</span> 
     </span>
     <span class='ocr_line' id='line_1_9' title="bbox 569 797 780 842; baseline 0.005 -1"><span class='ocrx_word' id='word_1_41' title='bbox 569 813 708 841; x_wconf 90' lang='lat' dir='ltr'>mum</span> <span class='ocrx_word' id='word_1_42' title='bbox 726 797 780 842; x_wconf 90' lang='lat' dir='ltr'>&#39;st</span> 
     </span>
    </p>

    <p class='ocr_par' dir='ltr' id='par_1_8' title="bbox 308 865 1596 986">
     <span class='ocr_line' id='line_1_10' title="bbox 308 865 1596 930; baseline -0.004 -16"><span class='ocrx_word' id='word_1_43' title='bbox 308 866 605 925; x_wconf 85' lang='lat' dir='ltr'>Hominum,</span> <span class='ocrx_word' id='word_1_44' title='bbox 634 884 781 914; x_wconf 87' lang='lat' dir='ltr'>nemo</span> <span class='ocrx_word' id='word_1_45' title='bbox 809 879 985 926; x_wconf 86' lang='lat' dir='ltr'>exstat,</span> <span class='ocrx_word' id='word_1_46' title='bbox 1018 869 1103 930; x_wconf 92' lang='lat' dir='ltr'>qui</span> <span class='ocrx_word' id='word_1_47' title='bbox 1127 867 1194 914; x_wconf 88' lang='lat' dir='ltr'>ibi</span> <span class='ocrx_word' id='word_1_48' title='bbox 1221 880 1304 911; x_wconf 86' lang='lat' dir='ltr'>sex</span> <span class='ocrx_word' id='word_1_49' title='bbox 1326 881 1508 911; x_wconf 88' lang='lat' dir='ltr'>menses</span> <span class='ocrx_word' id='word_1_50' title='bbox 1526 865 1596 912; x_wconf 89' lang='lat' dir='ltr'>vi·-</span> 
     </span>
     <span class='ocr_line' id='line_1_11' title="bbox 567 939 1172 986; baseline 0.002 0"><span class='ocrx_word' id='word_1_51' title='bbox 567 941 714 986; x_wconf 83' lang='lat' dir='ltr'>xerit:</span> <span class='ocrx_word' id='word_1_52' title='bbox 1169 939 1172 942; x_wconf 64' lang='grc'>’</span> 
     </span>
    </p>

    <p class='ocr_par' dir='ltr' id='par_1_9' title="bbox 308 1011 1317 1079">
     <span class='ocr_line' id='line_1_12' title="bbox 308 1011 1317 1079; baseline -0.005 -18"><span class='ocrx_word' id='word_1_53' title='bbox 308 1014 382 1061; x_wconf 86' lang='lat' dir='ltr'>Ita</span> <span class='ocrx_word' id='word_1_54' title='bbox 412 1015 572 1061; x_wconf 89' lang='lat' dir='ltr'>cuncti</span> <span class='ocrx_word' id='word_1_55' title='bbox 607 1013 832 1059; x_wconf 84' lang='lat' dir='ltr'>solstitiali</span> <span class='ocrx_word' id='word_1_56' title='bbox 864 1011 1037 1057; x_wconf 86' lang='lat' dir='ltr'>morbo</span> <span class='ocrx_word' id='word_1_57' title='bbox 1070 1011 1317 1079; x_wconf 75' lang='lat' dir='ltr'>deeidunt.</span> 
     </span>
    </p>
   </div>
   <div class='ocr_carea' id='block_1_4' title="bbox 761 1114 1140 1149">
    <p class='ocr_par' dir='ltr' id='par_1_10' title="bbox 761 1114 1140 1149">
     <span class='ocr_line' id='line_1_13' title="bbox 761 1114 1140 1149; baseline -0.011 0"><span class='ocrx_word' id='word_1_58' title='bbox 761 1114 1140 1149; x_wconf 89' lang='lat' dir='ltr'>PHILTO.</span> 
     </span>
    </p>
   </div>
   <div class='ocr_carea' id='block_1_5' title="bbox 303 1181 1588 1829">
    <p class='ocr_par' dir='ltr' id='par_1_11' title="bbox 308 1181 1588 1319">
     <span class='ocr_line' id='line_1_14' title="bbox 308 1181 1588 1248; baseline 0 -18"><span class='ocrx_word' id='word_1_59' title='bbox 308 1183 464 1230; x_wconf 84' lang='lat' dir='ltr'>Credo</span> <span class='ocrx_word' id='word_1_60' title='bbox 497 1201 585 1248; x_wconf 86' lang='lat' dir='ltr'>ego</span> <span class='ocrx_word' id='word_1_61' title='bbox 610 1185 727 1231; x_wconf 87' lang='lat' dir='ltr'>istuc</span> <span class='ocrx_word' id='word_1_62' title='bbox 743 1219 757 1242; x_wconf 87' lang='lat'>‚</span> <span class='ocrx_word' id='word_1_63' title='bbox 790 1182 988 1230; x_wconf 86' lang='lat' dir='ltr'>Stasime</span> <span class='ocrx_word' id='word_1_64' title='bbox 1005 1217 1020 1240; x_wconf 89' lang='lat'>,</span> <span class='ocrx_word' id='word_1_65' title='bbox 1046 1182 1110 1227; x_wconf 85' lang='lat' dir='ltr'>ita</span> <span class='ocrx_word' id='word_1_66' title='bbox 1139 1197 1255 1228; x_wconf 85' lang='lat' dir='ltr'>esse:</span> <span class='ocrx_word' id='word_1_67' title='bbox 1289 1181 1372 1228; x_wconf 89' lang='lat' dir='ltr'>sed</span> <span class='ocrx_word' id='word_1_68' title='bbox 1392 1181 1588 1246; x_wconf 83' lang='lat' dir='ltr'>Campas</span> 
     </span>
     <span class='ocr_line' id='line_1_15' title="bbox 563 1273 707 1319; baseline -0.007 -17"><span class='ocrx_word' id='word_1_69' title='bbox 563 1273 707 1319; x_wconf 87' lang='lat' dir='ltr'>genus</span> 
     </span>
    </p>

    <p class='ocr_par' dir='ltr' id='par_1_12' title="bbox 306 1326 1308 1391">
     <span class='ocr_line' id='line_1_16' title="bbox 306 1326 1308 1391; baseline -0.003 -17"><span class='ocrx_word' id='word_1_70' title='bbox 306 1328 466 1375; x_wconf 90' lang='lat' dir='ltr'>Multo</span> <span class='ocrx_word' id='word_1_71' title='bbox 494 1327 724 1391; x_wconf 87' lang='lat' dir='ltr'><strong>Syrorum</strong></span> <span class='ocrx_word' id='word_1_72' title='bbox 740 1328 840 1391; x_wconf 85' lang='lat' dir='ltr'>jam</span> <span class='ocrx_word' id='word_1_73' title='bbox 870 1326 1044 1372; x_wconf 81' lang='lat' dir='ltr'>antidit</span> <span class='ocrx_word' id='word_1_74' title='bbox 1072 1327 1308 1387; x_wconf 86' lang='lat' dir='ltr'>patientia.</span> 
     </span>
    </p>

    <p class='ocr_par' dir='ltr' id='par_1_13' title="bbox 306 1399 1555 1466">
     <span class='ocr_line' id='line_1_17' title="bbox 306 1399 1555 1466; baseline 0 -17"><span class='ocrx_word' id='word_1_75' title='bbox 306 1400 401 1450; x_wconf 89' lang='lat' dir='ltr'>Sed</span> <span class='ocrx_word' id='word_1_76' title='bbox 426 1404 510 1449; x_wconf 90' lang='lat' dir='ltr'>iste</span> <span class='ocrx_word' id='word_1_77' title='bbox 543 1415 609 1449; x_wconf 90' lang='lat' dir='ltr'>est</span> <span class='ocrx_word' id='word_1_78' title='bbox 642 1420 747 1466; x_wconf 84' lang='lat' dir='ltr'>ager</span> <span class='ocrx_word' id='word_1_79' title='bbox 775 1399 1013 1463; x_wconf 89' lang='lat' dir='ltr'>profecto,</span> <span class='ocrx_word' id='word_1_80' title='bbox 1038 1412 1095 1445; x_wconf 88' lang='lat' dir='ltr'>ut</span> <span class='ocrx_word' id='word_1_81' title='bbox 1127 1411 1175 1446; x_wconf 90' lang='lat' dir='ltr'>te</span> <span class='ocrx_word' id='word_1_82' title='bbox 1198 1402 1362 1447; x_wconf 86' lang='lat' dir='ltr'>audivi</span> <span class='ocrx_word' id='word_1_83' title='bbox 1392 1404 1555 1464; x_wconf 88' lang='lat' dir='ltr'>loqui,</span> 
     </span>
    </p>

    <p class='ocr_par' dir='ltr' id='par_1_14' title="bbox 303 1472 1477 1538">
     <span class='ocr_line' id='line_1_18' title="bbox 303 1472 1477 1538; baseline 0 -15"><span class='ocrx_word' id='word_1_84' title='bbox 303 1478 456 1524; x_wconf 91' lang='lat' dir='ltr'>Malos</span> <span class='ocrx_word' id='word_1_85' title='bbox 484 1478 535 1522; x_wconf 90' lang='lat' dir='ltr'>in</span> <span class='ocrx_word' id='word_1_86' title='bbox 570 1494 717 1538; x_wconf 89' lang='lat' dir='ltr'>quem</span> <span class='ocrx_word' id='word_1_87' title='bbox 746 1475 900 1522; x_wconf 85' lang='lat' dir='ltr'>omnis</span> <span class='ocrx_word' id='word_1_88' title='bbox 937 1474 1131 1536; x_wconf 84' lang='lat' dir='ltr'>publice</span> <span class='ocrx_word' id='word_1_89' title='bbox 1166 1472 1292 1521; x_wconf 75' lang='lat' dir='ltr'>niitti</span> <span class='ocrx_word' id='word_1_90' title='bbox 1327 1475 1477 1523; x_wconf 87' lang='lat' dir='ltr'>decet.</span> 
     </span>
    </p>

    <p class='ocr_par' dir='ltr' id='par_1_15' title="bbox 305 1547 1344 1606">
     <span class='ocr_line' id='line_1_19' title="bbox 305 1547 1344 1606; baseline -0.003 -10"><span class='ocrx_word' id='word_1_91' title='bbox 305 1550 438 1598; x_wconf 88' lang='lat' dir='ltr'>Sicut</span> <span class='ocrx_word' id='word_1_92' title='bbox 464 1548 815 1595; x_wconf 87' lang='lat' dir='ltr'>fortunatorum</span> <span class='ocrx_word' id='word_1_93' title='bbox 846 1558 1116 1593; x_wconf 84' lang='lat' dir='ltr'>memorant</span> <span class='ocrx_word' id='word_1_94' title='bbox 1144 1547 1314 1593; x_wconf 88' lang='lat' dir='ltr'>insulas</span> <span class='ocrx_word' id='word_1_95' title='bbox 1330 1583 1344 1606; x_wconf 89' lang='lat'><strong>,</strong></span> 
     </span>
    </p>

    <p class='ocr_par' dir='ltr' id='par_1_16' title="bbox 307 1622 1546 1691">
     <span class='ocr_line' id='line_1_20' title="bbox 307 1622 1546 1691; baseline 0.001 -23"><span class='ocrx_word' id='word_1_96' title='bbox 307 1623 427 1691; x_wconf 74' lang='lat' dir='ltr'>Quo</span> <span class='ocrx_word' id='word_1_97' title='bbox 456 1622 646 1680; x_wconf 82' lang='lat' dir='ltr'>cuncti,</span> <span class='ocrx_word' id='word_1_98' title='bbox 683 1622 766 1683; x_wconf 91' lang='lat' dir='ltr'>qui</span> <span class='ocrx_word' id='word_1_99' title='bbox 792 1633 992 1667; x_wconf 86' lang='lat' dir='ltr'>aetatem</span> <span class='ocrx_word' id='word_1_100' title='bbox 1015 1632 1213 1684; x_wconf 83' lang='lat' dir='ltr'>egerunt</span> <span class='ocrx_word' id='word_1_101' title='bbox 1239 1632 1359 1667; x_wconf 83' lang='lat' dir='ltr'>caste</span> <span class='ocrx_word' id='word_1_102' title='bbox 1384 1639 1546 1682; x_wconf 86' lang='lat' dir='ltr'>suam,</span> 
     </span>
    </p>

    <p class='ocr_par' dir='ltr' id='par_1_17' title="bbox 308 1691 1458 1742">
     <span class='ocr_line' id='line_1_21' title="bbox 308 1691 1458 1742; baseline -0.001 0"><span class='ocrx_word' id='word_1_103' title='bbox 308 1696 623 1742; x_wconf 81' lang='lat' dir='ltr'>Conveniam.</span> <span class='ocrx_word' id='word_1_104' title='bbox 658 1706 822 1740; x_wconf 80' lang='lat' dir='ltr'>contra</span> <span class='ocrx_word' id='word_1_105' title='bbox 852 1693 967 1738; x_wconf 86' lang='lat' dir='ltr'>istoc</span> <span class='ocrx_word' id='word_1_106' title='bbox 997 1691 1188 1739; x_wconf 87' lang='lat' dir='ltr'>detrudi</span> <span class='ocrx_word' id='word_1_107' title='bbox 1222 1694 1458 1741; x_wconf 87' lang='lat' dir='ltr'>maleficos</span> 
     </span>
    </p>

    <p class='ocr_par' dir='ltr' id='par_1_18' title="bbox 306 1765 1551 1829">
     <span class='ocr_line' id='line_1_22' title="bbox 306 1765 1551 1829; baseline -0.001 -14"><span class='ocrx_word' id='word_1_108' title='bbox 306 1767 533 1829; x_wconf 90' lang='lat' dir='ltr'>Aequom</span> <span class='ocrx_word' id='word_1_109' title='bbox 559 1768 782 1824; x_wconf 88' lang='lat' dir='ltr'>videtur,</span> <span class='ocrx_word' id='word_1_110' title='bbox 816 1767 901 1828; x_wconf 91' lang='lat' dir='ltr'>qui</span> <span class='ocrx_word' id='word_1_111' title='bbox 927 1765 1127 1826; x_wconf 85' lang='lat' dir='ltr'>quidem</span> <span class='ocrx_word' id='word_1_112' title='bbox 1156 1766 1286 1813; x_wconf 87' lang='lat' dir='ltr'>istius</span> <span class='ocrx_word' id='word_1_113' title='bbox 1314 1767 1372 1813; x_wconf 91' lang='lat' dir='ltr'>sit</span> <span class='ocrx_word' id='word_1_114' title='bbox 1402 1767 1551 1814; x_wconf 89' lang='lat' dir='ltr'>modi.</span> 
     </span>
    </p>
   </div>
   <div class='ocr_carea' id='block_1_6' title="bbox 301 1868 1537 2312">
    <p class='ocr_par' dir='ltr' id='par_1_19' title="bbox 301 1868 1537 2312">
     <span class='ocr_line' id='line_1_23' title="bbox 698 1868 1206 1905; baseline -0.008 0"><span class='ocrx_word' id='word_1_115' title='bbox 698 1872 723 1905; x_wconf 88' lang='lat' dir='ltr'><strong>s</strong></span> <span class='ocrx_word' id='word_1_116' title='bbox 762 1871 793 1903; x_wconf 80' lang='lat' dir='ltr'>‘r</span> <span class='ocrx_word' id='word_1_117' title='bbox 828 1870 863 1903; x_wconf 74' lang='lat' dir='ltr'>A</span> <span class='ocrx_word' id='word_1_118' title='bbox 903 1869 924 1902; x_wconf 89' lang='lat' dir='ltr'>s</span> <span class='ocrx_word' id='word_1_119' title='bbox 961 1869 981 1901; x_wconf 94' lang='lat'>1</span> <span class='ocrx_word' id='word_1_120' title='bbox 1019 1870 1060 1902; x_wconf 89' lang='lat' dir='ltr'>M</span> <span class='ocrx_word' id='word_1_121' title='bbox 1099 1869 1134 1901; x_wconf 88' lang='lat' dir='ltr'>U</span> <span class='ocrx_word' id='word_1_122' title='bbox 1170 1868 1206 1903; x_wconf 91' lang='lat' dir='ltr'>s.</span> 
     </span>
     <span class='ocr_line' id='line_1_24' title="bbox 303 1933 1537 1998; baseline -0.002 -15"><span class='ocrx_word' id='word_1_123' title='bbox 303 1936 581 1998; x_wconf 87' lang='lat' dir='ltr'>Hospitium</span> <span class='ocrx_word' id='word_1_124' title='bbox 606 1936 661 1982; x_wconf 88' lang='lat' dir='ltr'>’st</span> <span class='ocrx_word' id='word_1_125' title='bbox 687 1933 968 1982; x_wconf 54' lang='lat' dir='ltr'>calamitatis</span> <span class='ocrx_word' id='word_1_126' title='bbox 1006 1934 1128 1994; x_wconf 90' lang='lat' dir='ltr'>quid</span> <span class='ocrx_word' id='word_1_127' title='bbox 1155 1935 1309 1981; x_wconf 85' lang='lat' dir='ltr'>verbis</span> <span class='ocrx_word' id='word_1_128' title='bbox 1332 1952 1431 1997; x_wconf 91' lang='lat' dir='ltr'>opu</span> <span class='ocrx_word' id='word_1_129' title='bbox 1450 1934 1537 1981; x_wconf 83' lang='lat' dir='ltr'>’st?</span> 
     </span>
     <span class='ocr_line' id='line_1_25' title="bbox 301 2009 1488 2079; baseline 0 -25"><span class='ocrx_word' id='word_1_130' title='bbox 301 2010 533 2079; x_wconf 69' lang='lat' dir='ltr'>Quamvis</span> <span class='ocrx_word' id='word_1_131' title='bbox 557 2011 730 2056; x_wconf 79' lang='lat' dir='ltr'>malam</span> <span class='ocrx_word' id='word_1_132' title='bbox 751 2025 854 2055; x_wconf 86' lang='lat' dir='ltr'>rem</span> <span class='ocrx_word' id='word_1_133' title='bbox 876 2024 1132 2071; x_wconf 76' lang='lat' dir='ltr'>quaerenS,</span> <span class='ocrx_word' id='word_1_134' title='bbox 1153 2009 1247 2056; x_wconf 90' lang='lat' dir='ltr'>illic</span> <span class='ocrx_word' id='word_1_135' title='bbox 1275 2009 1488 2072; x_wconf 80' lang='lat' dir='ltr'>reperias.</span> 
     </span>
     <span class='ocr_line' id='line_1_26' title="bbox 756 2104 1148 2145; baseline 0.005 -2"><span class='ocrx_word' id='word_1_136' title='bbox 756 2110 786 2143; x_wconf 80' lang='lat' dir='ltr'>P</span> <span class='ocrx_word' id='word_1_137' title='bbox 826 2104 864 2142; x_wconf 66' lang='lat' dir='ltr'>&#39;H</span> <span class='ocrx_word' id='word_1_138' title='bbox 899 2110 919 2143; x_wconf 91' lang='lat'>1</span> <span class='ocrx_word' id='word_1_139' title='bbox 957 2109 988 2143; x_wconf 79' lang='grc' dir='ltr'>Ι.</span> <span class='ocrx_word' id='word_1_140' title='bbox 1028 2109 1060 2142; x_wconf 88' lang='grc' dir='ltr'><strong>Τ</strong></span> <span class='ocrx_word' id='word_1_141' title='bbox 1097 2111 1148 2145; x_wconf 89' lang='grc' dir='ltr'>ο.</span> 
     </span>
     <span class='ocr_line' id='line_1_27' title="bbox 301 2171 1034 2224; baseline 0 -3"><span class='ocrx_word' id='word_1_142' title='bbox 301 2171 369 2222; x_wconf 83' lang='lat' dir='ltr'>At</span> <span class='ocrx_word' id='word_1_143' title='bbox 397 2185 455 2221; x_wconf 86' lang='lat' dir='ltr'>tu</span> <span class='ocrx_word' id='word_1_144' title='bbox 479 2176 639 2224; x_wconf 87' lang='lat' dir='ltr'>hercle</span> <span class='ocrx_word' id='word_1_145' title='bbox 662 2186 711 2223; x_wconf 89' lang='lat' dir='ltr'>et</span> <span class='ocrx_word' id='word_1_146' title='bbox 732 2176 803 2222; x_wconf 87' lang='lat' dir='ltr'>illi</span> <span class='ocrx_word' id='word_1_147' title='bbox 830 2187 880 2223; x_wconf 84' lang='lat' dir='ltr'>et</span> <span class='ocrx_word' id='word_1_148' title='bbox 907 2176 1034 2223; x_wconf 87' lang='lat' dir='ltr'>alibi.</span> 
     </span>
     <span class='ocr_line' id='line_1_28' title="bbox 691 2275 1195 2312; baseline -0.008 0"><span class='ocrx_word' id='word_1_149' title='bbox 691 2277 713 2312; x_wconf 92' lang='lat' dir='ltr'>S</span> <span class='ocrx_word' id='word_1_150' title='bbox 751 2278 782 2312; x_wconf 83' lang='grc' dir='ltr'><strong>Τ</strong></span> <span class='ocrx_word' id='word_1_151' title='bbox 818 2278 854 2312; x_wconf 87' lang='grc' dir='ltr'><strong>Α</strong></span> <span class='ocrx_word' id='word_1_152' title='bbox 889 2277 913 2312; x_wconf 87' lang='lat' dir='ltr'>S</span> <span class='ocrx_word' id='word_1_153' title='bbox 947 2276 969 2310; x_wconf 88' lang='lat'><strong>1</strong></span> <span class='ocrx_word' id='word_1_154' title='bbox 1004 2277 1049 2311; x_wconf 91' lang='lat' dir='ltr'><strong>M</strong></span> <span class='ocrx_word' id='word_1_155' title='bbox 1086 2275 1122 2308; x_wconf 88' lang='lat' dir='ltr'>U</span> <span class='ocrx_word' id='word_1_156' title='bbox 1156 2275 1195 2309; x_wconf 86' lang='lat' dir='ltr'>S.</span> 
     </span>
    </p>
   </div>
   <div class='ocr_carea' id='block_1_7' title="bbox 302 2329 1422 2447">
    <p class='ocr_par' dir='ltr' id='par_1_20' title="bbox 302 2329 1422 2447">
     <span class='ocr_line' id='line_1_29' title="bbox 987 2329 1422 2389; baseline -0.014 -7"><span class='ocrx_word' id='word_1_157' title='bbox 987 2333 1113 2382; x_wconf 85' lang='lat' dir='ltr'>Cave</span> <span class='ocrx_word' id='word_1_158' title='bbox 1140 2333 1195 2379; x_wconf 89' lang='lat' dir='ltr'>sis</span> <span class='ocrx_word' id='word_1_159' title='bbox 1222 2329 1391 2377; x_wconf 85' lang='lat' dir='ltr'>dixeris</span> <span class='ocrx_word' id='word_1_160' title='bbox 1406 2363 1422 2389; x_wconf 87' lang='lat'><strong>,</strong></span> 
     </span>
     <span class='ocr_line' id='line_1_30' title="bbox 302 2395 830 2447; baseline 0 -4"><span class='ocrx_word' id='word_1_161' title='bbox 302 2395 386 2443; x_wconf 87' lang='lat' dir='ltr'>Me</span> <span class='ocrx_word' id='word_1_162' title='bbox 410 2396 499 2442; x_wconf 88' lang='lat' dir='ltr'>tibi</span> <span class='ocrx_word' id='word_1_163' title='bbox 527 2396 695 2447; x_wconf 80' lang='lat' dir='ltr'>dixisse</span> <span class='ocrx_word' id='word_1_164' title='bbox 722 2397 830 2443; x_wconf 86' lang='lat' dir='ltr'>hoc.</span> 
     </span>
    </p>
   </div>
  </div>
 </body>
</html>
