1630 2866
43 135 143 182 vs
350 129 637 179 Ac‘rns
689 130 747 178 v
798 128 903 178 sc*
951 131 1029 177 11.
1230 149 1321 196 33⁷

41 242 184 290 Nunc
207 241 400 287 alteram
428 240 584 297 illam,
624 254 746 300 quae
774 254 881 285 mea
911 250 1006 298 est,
1040 240 1188 287 visam
1223 241 1324 326 hue

293 314 345 360 in
372 313 568 361 Veneris
599 311 780 359 fanum.

44 387 219 437 Salteni
251 398 307 434 ut
335 404 438 432 eam
471 385 741 444 abducam,
767 385 827 432 de
855 386 995 434 bonis
1023 385 1160 448 quod
1180 399 1325 436 restat

292 459 615 521 reliquiarum.

430 606 761 655 SCENA
834 609 935 655 II.

246 751 663 791 GRIPUS,
734 751 1150 789 LABRAX.

503 880 878 916 GRIPUS.

50 933 435 1061 NUMQUAM
467 996 641 1059 edepol
676 994 819 1043 hodie
850 997 912 1044 ad
942 1014 1183 1062 vesperam
1224 1002 1333 1048 Gri-
1393 1025 1404 1038 ·

301 1085 422 1131 pum
450 1069 702 1131 inspicietis
723 1070 889 1117 vivom
909 1104 924 1127 ,

50 1143 150 1190 Nisi
174 1142 365 1191 vidulus
389 1143 507 1189 mihi
530 1142 760 1189 redditur.

501 1229 533 1262 L
567 1228 603 1261 A
638 1230 667 1262 B
708 1230 742 1262 R
779 1228 815 1262 A
852 1227 904 1263 X.

666 1286 815 1345 Perii,
851 1301 1005 1348 quom
1039 1291 1339 1338 mentionem

53 1359 175 1408 Fieri
207 1360 350 1408 audio
389 1375 592 1421 usquam
629 1360 817 1417 viduli,
865 1361 996 1420 quasi
1030 1364 1140 1422 palo
1173 1375 1338 1424 pectus

312 1432 497 1479 tundat.

507 1507 540 1541 G
574 1510 609 1542 R
642 1508 663 1540 1
697 1509 726 1541 P
764 1509 798 1541 U
836 1508 875 1542 S.

57 1571 165 1617 Istic
200 1572 412 1616 scelestus
445 1570 564 1615 liber
599 1580 691 1615 est:
730 1585 816 1634 ego
855 1570 943 1629 qui
980 1571 1032 1615 in
1073 1571 1191 1616 mari
1227 1588 1335 1632 pre-

308 1642 458 1688 hendi

57 1717 177 1766 Rete
197 1728 341 1778 atque
364 1717 527 1778 excepi
540 1716 787 1774 vidulum,
805 1716 915 1762 dare
932 1716 974 1762 ei
993 1717 1169 1781 negatis
1190 1717 1334 1779 quid-

311 1805 470 1849 quam.
526 1830 527 1833 ,

503 1866 535 1899 L
571 1866 606 1899 A
642 1863 671 1899 Β
706 1867 739 1900 R
774 1865 808 1900 A
843 1866 895 1900 x.

60 1928 152 1974 Pro
184 1926 266 1974 Dii
294 1927 588 1972 inmortales!
634 1943 720 1972 suo
755 1926 873 1971 mihi
912 1925 989 1971 hic
1019 1939 1235 1971 sermone
1266 1938 1338 1970 ar·-

313 1999 435 2046 rexit
456 2015 598 2045 aures.

518 2084 550 2117 G
586 2086 619 2117 R
653 2083 674 2115 1
710 2083 738 2116 P
778 2083 814 2115 U
851 2083 887 2116 s.

67 2148 298 2196 Cubitum
314 2181 330 2207 ‚
357 2146 544 2202 hercle,
572 2145 722 2207 longis
745 2145 889 2190 literis
918 2143 1111 2207 signabo
1131 2145 1232 2206 jam
1263 2160 1340 2189 us-

325 2235 644 2281 quequaque,

70 2294 117 2343 Si
148 2296 253 2357 quis
282 2294 542 2357 perdiderit
569 2291 793 2339 vidulum
825 2306 937 2337 cum
962 2306 1078 2336 auro
1104 2299 1250 2349 atque
1272 2304 1342 2333 ar-

321 2378 461 2432 gento
487 2366 644 2412 multo
656 2398 672 2423 ‚

144 2441 232 2488 Vol.
255 2441 346 2487 111.
1070 2431 1111 2476 Y
