1630 2866
79 194 238 231 mco
400 170 685 222 ACTus
717 169 776 217 v.
827 168 937 216 sc.-
980 167 1081 215 1v.
1256 181 1404 223 105‘

84 287 275 358 Quibus
308 300 435 332 nunc
462 284 513 331 in
542 294 661 329 terra
689 280 835 327 meliu
850 256 937 324 ἐἶθ

332 364 1106 418 AeonAs‘ro'cLES.

745 447 986 494 Eveniunt
1022 443 1163 506 digna
1194 442 1353 503 dignis.

85 524 305 572 Tandem
325 525 439 571 huic
455 525 673 585 cupitum
691 521 901 584 contigit.
926 535 956 564 o
978 516 1143 578 Apella
1155 551 1169 573 ,
1188 532 1218 562 ο
1233 515 1358 560 Zeu-

338 599 407 643 xis
434 597 620 659 pictor!

91 669 190 717 Cur
221 686 423 717 numero
460 669 564 715 estis
598 667 811 714 mortui?
848 666 961 712 hinc
995 663 1271 725 exemplum
1305 669 1362 705 ut

337 741 598 806 pingeretis.

90 814 212 866 Nam
230 813 342 861 alios
358 814 557 875 pictores
575 813 693 858 nihil
715 826 879 857 moror
898 807 1174 874 hujusmodi
1199 814 1363 851 tracta-

346 902 398 932 re
434 886 681 952 exempla..

90 1013 94 1016 .
570 983 607 1016 Η
642 982 677 1015 A
711 982 747 1015 N
782 981 817 1014 N
854 980 903 1013 0.

92 1054 176 1102 Dii
210 1053 436 1113 Deaeque
469 1066 633 1097 omnes
650 1083 666 1106 ,
711 1048 846 1095 vobis
875 1045 1030 1092 habeo
1062 1043 1236 1090 merito
1269 1058 1370 1087 ma·-

349 1140 460 1188 gnas
491 1123 684 1187 gratias,

96 1201 267 1271 Quom
299 1198 387 1244 hac
416 1212 495 1242 me
534 1194 708 1240 laetitia
737 1203 868 1238 tanta
905 1202 953 1237 et
989 1190 1129 1237 tantis
1162 1186 1371 1234 affecistis

346 1269 553 1334 gaudiis,

97 1344 163 1391 Ut
192 1360 325 1391 meae
353 1354 518 1407 gnatae
550 1341 612 1386 ad
645 1356 725 1386 me
760 1339 971 1386 redirent
1006 1338 1059 1383 in
1086 1346 1372 1398 potestatem

357 1432 527 1461 meam.

386 1509 1109 1545 ADELPHASIUM.
1217 1530 1222 1535 .

100 1581 170 1628 Mi
195 1591 330 1642 pater
348 1614 362 1636 ,
377 1590 474 1624 ‘tua
505 1579 650 1641 pietas
683 1579 824 1639 plane
850 1577 988 1623 nobis
1015 1573 1190 1620 auxilio
1219 1570 1325 1616 fuit.

365 1677 1153 1714 AGORASTOCLES.

103 1749 299 1806 Patrue,
327 1747 469 1793 facito
502 1748 553 1793 in
580 1749 861 1795 memoriam
888 1747 1054 1794 habeas
1070 1779 1085 1804 ,
1115 1757 1249 1792 tuam
1275 1760 1375 1789 ma-

349 1822 507 1884 jorem
540 1822 686 1868 filiam

106 1891 227 1939 Mihi
257 1903 305 1938 te
341 1893 662 1954 despondisse.

586 1990 623 2022 Η
658 1987 694 2021 A
727 1990 761 2022 N
796 1989 830 2021 N
865 1989 911 2021 o.

523 2101 525 2105 .
557 2057 770 2103 Memini.

368 2147 1154 2197 AGORASTOCLES.

721 2214 782 2260 Et
810 2209 930 2259 dotis
959 2214 1079 2274 quid
1108 2211 1384 2274 promiseris,
