1630 2866
245 184 344 230 2100
587 165 1161 217 POENULUS.
1366 166 1532 231 ‘y.55'

734 289 1061 325 HANNO.

240 354 385 424 Quid
418 353 547 410 istic,
587 351 721 412 quod
758 350 1071 398 faciundum’
1074 361 1144 409 st,
1181 367 1266 399 cur
1295 367 1398 399 non
1430 353 1527 419 agi-

494 423 670 470 mus?
659 438 711 467 m
738 423 817 487 jus
841 439 925 469 vos
956 438 1092 469 voco.

494 518 1290 556 AGORASTOCLES.

239 586 383 633 Nunc
413 597 524 633 tene
545 618 559 640 ‚
591 594 774 645 patrue.

726 668 763 701 H
797 666 831 700 A
866 667 901 700 N
937 669 970 701 N
1007 668 1058 701 O.

464 728 545 774 Tu
562 761 576 785 ‚
602 726 726 790 frugi
755 725 790 771 si
817 725 974 772 bonae
999 742 1058 771 es.

494 821 1286 861 AGORASTOCLES.

623 885 733 934 Vin'
768 901 854 949 ego
885 885 1006 931 hanc
1035 882 1427 948 apprehendam?

718 983 1051 1023 HRANNo.

1367 1034 1517 1090 Tenee

520 1109 1253 1145 ADELPHASIUM.
1503 1127 1507 1129 Α

231 1183 310 1231 Αη
343 1193 536 1244 patruus
568 1191 666 1238 est,
694 1179 1015 1245 Agorastocles
1031 1214 1046 1238 ‚
1075 1189 1186 1226 tuus
1213 1178 1327 1225 hie?

484 1275 1274 1312 AGORASTOGLES.

1091 1338 1200 1396 Jam
1226 1336 1336 1384 faxo
1365 1339 1513 1386 scibis.

226 1413 370 1462 Nunc
395 1413 478 1475 pol
512 1428 599 1476 ego
627 1422 675 1456 te
703 1410 893 1457 ulciscar
923 1410 1105 1473 probe;
1128 1425 1242 1457 narn
1263 1409 1374 1459 faxo
1401 1428 1508 1460 mea

484 1499 571 1530 ens
604 1498 784 1544 sponsa.

717 1576 752 1608 H
787 1575 822 1608 A
858 1577 890 1610 N
927 1576 961 1610 N
995 1575 1046 1610 ο.

226 1638 299 1686 Ite
331 1638 382 1683 in
402 1638 508 1701 jus,
541 1651 603 1681 ne
632 1635 898 1681 moramini.

483 1732 521 1766 A
556 1733 589 1765 N
626 1730 658 1764 Τ
693 1733 724 1766 Ε
759 1733 794 1766 R
831 1732 866 1765 A
903 1732 926 1766 S
965 1733 997 1766 T
1031 1733 1054 1766 I
1086 1733 1118 1766 L
1153 1733 1176 1767 I
1217 1732 1258 1768 S.

770 1789 1015 1836 Antestare
1047 1807 1159 1849 me,
1190 1803 1335 1854 atque
1366 1791 1504 1841 duce.

476 1883 512 1917 A
547 1881 581 1915 G
618 1882 650 1915 Ο
694 1884 729 1916 R
764 1883 800 1916 A
836 1883 858 1916 S
898 1883 929 1916 T
969 1883 1001 1917 O
1039 1884 1066 1916 C
1104 1884 1135 1918 L
1170 1885 1201 1918 E
1237 1884 1276 1919 S.

223 1946 324 2010 Ego
359 1957 408 1992 te
441 1943 722 1991 antestabor.
762 1955 923 2005 postea
958 1943 1079 1991 hanc
1117 1946 1317 2005 amabo,
1356 1957 1502 2011 atque

451 2017 785 2096 amplexabo:

221 2092 316 2142 Sed
336 2068 477 2138 illud
490 2092 690 2152 quidem
713 2090 847 2138 volui
881 2091 1064 2151 dicere,
1094 2092 1245 2140 immo
1274 2094 1376 2140 dixi
1393 2093 1499 2141 her-

470 2165 570 2224 cle,
605 2165 742 2226 quod
776 2164 1012 2212 volebam.

700 2269 736 2303 n
769 2269 805 2302 A
838 2271 873 2303 N
907 2272 941 2303 N
978 2271 1028 2305 o.

221 2329 503 2380 Moramini:
549 2331 602 2376 in
635 2331 714 2394 jus
750 2347 835 2379 vos
874 2348 998 2380 voco
1018 2365 1035 2391 ‚
1069 2331 1158 2377 nisi
1188 2329 1406 2377 honestiu
1437 2329 1493 2376 ’st

468 2404 715 2466 prehendi.
