1598 2814
71 166 170 199 v.1
334 144 669 196 ACTUS
727 144 1098 192 111.SC.1.
1260 157 1357 205 559

357 290 809 349 ACTUS
899 289 1085 348 ΙΙΙ.

449 411 958 461 SCENAI.

115 541 613 580 STRABAX,
682 537 1317 574 ASTAPHIUM.

488 655 943 690 STRABAX.

66 710 246 824 Rus
276 790 417 820 mane
441 773 631 819 dudum
650 773 760 818 hinc
781 773 846 818 ire
867 789 946 818 me
961 774 1097 836 jussit
1116 782 1281 835 pater,

66 846 131 893 Ut
158 847 316 893 bubus
344 845 567 911 glandem
589 845 790 907 prandio
820 845 1161 907 deprqmerem.

64 918 201 977 Post,
232 920 342 965 illoc
369 919 480 965 veni
497 953 511 975 ,
545 935 692 979 quam
724 918 918 963 advenit
944 917 1007 978 (si
1035 916 1135 962 Diis
1162 918 1342 980 placet)

66 991 146 1037 Ad
172 993 332 1037 villam
361 1002 612 1054 argentum
639 1007 751 1036 meo
781 991 866 1050 qui
896 989 1104 1035 debebat
1133 990 1279 1051 patri,

70 1063 175 1132 Qui
198 1064 297 1110 ovis
326 1063 599 1109 Tarentinas
630 1074 726 1108 erat
753 1073 982 1107 mercatus
1005 1062 1065 1107 de
1099 1073 1244 1123 patre.

69 1137 267 1204 Quaerit
291 1149 488 1198 patrem.
522 1136 629 1182 dico
658 1153 751 1182 esse
783 1136 834 1181 in
866 1136 998 1181 urbe.
1023 1135 1295 1200 interrogo,

69 1210 208 1280 Quid
233 1226 345 1256 eum
375 1212 503 1260 velit.
535 1211 686 1257 homo
716 1200 983 1258 crumiuain
1008 1210 1095 1256 sibi
1127 1210 1188 1255 de
1218 1212 1345 1259 collo

314 1283 546 1335 detrahit3

63 1355 215 1401 Minas
242 1355 411 1418 viginti
439 1357 558 1402 rnihi
591 1356 686 1401 dat.
722 1356 900 1417 accipio
930 1357 1111 1402 lubens.

64 1429 235 1474 Condo
252 1430 302 1473 in
321 1430 595 1474 cruminam.
616 1429 694 1474 ille
712 1429 834 1474 abit:
859 1445 944 1490 ego
962 1444 1175 1488 perperas
1191 1429 1342 1475 minas

62 1502 191 1547 Oves
219 1502 268 1546 in
297 1503 512 1547 crumina
540 1502 624 1575 ¹3⁶
646 1501 696 1544 in
718 1501 888 1544 urbem
920 1500 1081 1543 detuli.

60 1571 172 1617 Fuit
199 1571 372 1633 edepol
395 1574 515 1618 Mars
542 1588 651 1616 meo
673 1572 897 1632 periratus
919 1570 1064 1631 patri:

59 1643 183 1688 Nam
216 1660 324 1689 oves
345 1645 468 1691 illius
500 1644 629 1689 haud
656 1645 796 1706 longe
823 1643 996 1688 absunt
1025 1660 1050 1689 a
1076 1643 1215 1704 lupis.

59 1714 202 1762 Nunc
227 1718 315 1780 ego
338 1717 446 1762 istos
471 1716 736 1763 mundulos
766 1717 971 1762 urbanos
1000 1716 1192 1761 amasios

58 1789 168 1834 Hoc
200 1790 298 1836 ictu
330 1807 564 1852 exponam
584 1826 597 1848 ‚
633 1802 778 1851 atque
806 1807 970 1836 omnes
993 1791 1174 1854 ejiciam
1203 1788 1337 1835 foras.

59 1860 302 1908 Eradicare
333 1875 400 1908 est
427 1874 611 1909 certum
639 1863 912 1923 cumprimis
947 1874 1156 1923 patrem,

59 1931 171 1977 Post
194 1932 246 1977 id
272 1934 490 1980 locorum
523 1931 735 1980 matrem.
770 1951 900 1980 nunc
929 1934 1075 1979 hodie
1103 1932 1292 1977 efferam

55 2002 133 2048 Ad
157 2002 277 2050 hanc
302 2020 573 2069 argentum,
603 2024 750 2068 quam
777 2024 911 2071 mage
935 2023 1043 2051 amo
1065 2022 1211 2066 quam
1229 2021 1333 2049 ma-

309 2090 428 2124 trem
460 2097 629 2125 meam.

56 2149 179 2196 Tat!
223 2151 380 2211 ecquis
400 2152 525 2196 est?
563 2153 694 2197 nulla
728 2152 829 2197 est?
867 2151 1026 2210 ecquis
1066 2150 1213 2212 aperit
1242 2150 1335 2196 hoc

310 2222 518 2268 ostium?

410 2308 445 2340 A
481 2307 503 2341 S
541 2308 573 2340 Τ
610 2308 645 2340 A
680 2307 709 2341 P
750 2307 784 2339 H
819 2307 840 2340 I
876 2306 912 2339 U
948 2307 1006 2339 M.

54 2367 194 2434 Quid
220 2369 339 2416 istuc
370 2369 577 2415 alienum
610 2368 664 2414 ’st
678 2402 694 2426 ‚
723 2367 891 2414 amabo
906 2400 921 2424 ,
947 2365 1016 2412 mi
1038 2364 1232 2412 Strabax
1247 2399 1268 2431 2
