1630 2866
49 182 156 230 ’τι
359 174 694 227 ACTUS
750 174 1085 224 1.SC.11.
1252 189 1340 236 133

419 336 808 387 SCENA
873 336 973 382 11.

93 452 1311 532 BApL10,LoRA3111V,PSEUDoLvS.

82 539 85 541 ’
463 557 946 595 cALlDoRU&

515 689 892 724 BALLIO.

58 747 318 859 EXITE
339 842 355 866 ‚
385 809 537 873 agite,
569 809 662 865 ite,
698 806 886 872 ignavi,
922 807 1043 852 male
1078 806 1258 863 habiti,
1294 817 1342 852 et

310 882 433 927 male
462 880 695 927 conciliati
714 914 729 936 ‚

58 954 286 1023 Quorum
309 969 577 1013 numquam
605 951 875 1012 quidquam
908 951 1177 1011 quoiquam
1209 951 1342 997 venit

311 1027 363 1072 in
388 1036 635 1082 mentem,
668 1036 725 1070 ut
752 1036 878 1071 recte
905 1024 1089 1070 faciant.

58 1099 251 1169 Quibus
282 1099 369 1144 nisi
402 1098 464 1144 ad
500 1098 595 1144 hoc
634 1100 913 1159 exemplum
949 1092 1198 1159 experior,
1240 1112 1338 1142 non

231 1207 235 1211 -
304 1183 463 1237 potest
493 1173 703 1234 usurpari
731 1187 882 1218 usura.

56 1244 230 1307 Neque
258 1261 347 1310 ego
370 1246 585 1293 homines
610 1247 753 1311 magis
781 1247 928 1292 asinos
950 1261 1184 1307 umquam
1211 1243 1338 1294 vidi,

314 1319 379 1365 ita
405 1319 552 1384 plagis
583 1330 735 1365 costae
767 1320 950 1364 callent.

55 1391 195 1460 Quos
222 1390 341 1436 dum
368 1390 525 1446 ferias,
555 1390 641 1435 tibi
667 1392 774 1451 plus
801 1406 993 1436 noceas:
1027 1406 1085 1436 eo
1106 1390 1236 1435 enim
1258 1390 1333 1434 in-

318 1465 457 1529 genio
486 1465 535 1509 hi
561 1476 671 1509 sunt
702 1465 982 1527 flagritribae
998 1499 1012 1520 ‚

63 1534 167 1603 Qui
197 1534 311 1581 haec
337 1535 515 1607 habent
544 1535 760 1591 consilia,
792 1535 879 1581 ubi
900 1535 1008 1580 data
1035 1535 1213 1580 occasio
1242 1546 1338 1591 est,

310 1624 455 1668 rape,
489 1608 623 1668 clepe
638 1641 652 1663 ‚
680 1618 825 1663 tene,
848 1607 1076 1669 harpaga,

60 1678 207 1737 Bibe,
240 1695 312 1737 es,
348 1680 487 1744 fuge:
525 1680 617 1726 hoc
652 1691 719 1725 est
756 1696 923 1725 eorum
958 1696 1091 1740 opus.

60 1749 126 1796 Ut
143 1752 333 1812 mavelis
362 1753 501 1813 lupos
528 1751 659 1813 apud
689 1752 787 1798 ovis
811 1752 1053 1812 linquere,
1085 1767 1232 1813 quam
1253 1754 1339 1800 hos

319 1825 452 1870 domi
482 1819 730 1871 custodes.

61 1893 127 1941 At
155 1894 320 1942 faciem
349 1915 498 1958 quom
527 1899 718 1960 aspicias
742 1916 941 1956 eorum,
968 1899 1099 1945 haud
1127 1900 1239 1945 mali
1263 1901 1336 1947 vi-

313 1969 517 2022 dentum
554 1988 696 2034 opera
722 1972 905 2020 fallunt.

61 2040 204 2086 Nunc
234 2039 353 2086 adeo
369 2074 383 2097 ,
416 2042 537 2088 hanc
571 2045 859 2091 edictionem
889 2044 977 2092 nisi
1001 2046 1217 2092 animum
1250 2045 1334 2092 ad·-

314 2114 494 2159 vortitis
524 2131 686 2161 omnes
703 2151 718 2174 ,

61 2185 161 2232 Nisi
194 2202 419 2232 somnum
439 2189 817 2250 'socordiamque
847 2206 908 2236 ex
938 2202 1132 2251 pectore
1167 2191 1336 2236 oculis-

314 2275 412 2319 que
442 2261 665 2307 amovetis
678 2295 693 2318 ‚

62 2330 135 2378 Ita
158 2345 244 2396 ego
276 2342 430 2377 vostra
456 2332 600 2378 latera
628 2332 736 2379 loris
761 2331 924 2379 faciam
941 2366 957 2390 ,
992 2343 1049 2378 ut
1080 2333 1234 2378 valide
1254 2349 1333 2379 va-

311 2405 379 2452 ria
408 2404 524 2450 sint:

1034 2478 1059 2522 Ι
1097 2494 1123 2540 3
