1598 2814
220 176 324 225 530
449 159 1260 217 TRUCULENTUS.
1407 181 1504 219 v.1

610 334 943 383 SCENA
1018 339 1120 386 ΙΙ.

282 460 826 506 STRATILAX,
894 431 1487 512 ASTAPHIUMJ

583 592 1167 631 STRATILAX.

227 643 442 811 QUIS
473 709 566 755 illic
587 719 655 756 est
670 744 684 768 ‚
713 710 800 772 qui
827 722 924 759 tam
942 722 1165 774 proterve
1184 713 1513 778 nostrasjedis

479 781 680 828 arietat?

589 867 625 901 A
661 866 687 901 S
724 867 758 900 T
794 866 829 901 A
865 866 896 900 P
929 868 967 903 H
1002 869 1026 902 Ι
1059 868 1096 903 U
1129 868 1189 904 M-

223 928 324 995 Ego
351 943 486 986 sum,
516 928 695 990 respice
724 926 784 974 ad
811 944 902 974 me.

578 1014 601 1048 S
639 1015 671 1047 T
706 1014 741 1047 R
775 1014 811 1052 A
849 1014 881 1046 Τ
915 1014 938 1046 1
972 1015 1005 1049 L
1040 1014 1077 1049 A
1110 1015 1161 1050 X.

463 1075 603 1143 Quid
617 1109 632 1132 ,
658 1092 744 1139 ego
757 1076 779 1120 Ξ)
798 1091 963 1121 nonne
982 1093 1069 1140 ego
1089 1077 1234 1124 video
1247 1076 1270 1122 ?
1286 1091 1372 1124 vae
1393 1075 1505 1124 tibi!

219 1149 359 1220 Quid
390 1151 479 1197 tibi
506 1150 569 1196 ad
589 1151 724 1196 hasce
749 1150 944 1197 accessio
973 1161 1040 1196 est
1066 1148 1191 1196 aedis
1213 1165 1394 1212 prope,
1423 1159 1507 1196 aut

476 1223 692 1285 pultatio
713 1223 816 1267 est?

578 1306 1183 1342 ASTAPHIUM.

217 1359 367 1408 Salve.

578 1432 1161 1470 STRATILAx.

271 1496 387 1544 Satis
400 1497 520 1543 mihi
537 1507 605 1543 est
621 1506 730 1542 tuae
743 1495 918 1542 salutis:
938 1495 1008 1541 nil
1020 1487 1206 1543 mororz‘
1217 1507 1320 1539 non
1334 1493 1505 1547 salven,

217 1571 470 1637 Aegrotase
494 1572 658 1618 malim
671 1607 686 1629 ,
709 1587 858 1632 quam
877 1586 972 1617 esse
994 1581 1077 1616 tua
1098 1569 1245 1615 salute
1261 1568 1423 1614 sanior.

219 1644 278 1690 Id
293 1645 407 1693 volo
424 1644 536 1691 scire
548 1678 563 1703 ,
580 1643 701 1706 quid
716 1644 919 1690 debetur
934 1642 1012 1689 hic
1029 1641 1120 1688 tibi
1135 1650 1324 1688 nostrae
1338 1638 1506 1686 domi?

571 1730 610 1764 A
644 1730 670 1764 s
706 1730 739 1763 Τ
771 1729 808 1762 A
843 1729 872 1762 Ρ
908 1729 944 1762 Η
978 1729 1000 1761 1
1039 1729 1075 1763 U
1109 1729 1170 1763 Μ.

1184 1781 1188 1785 ’
1226 1775 1501 1838 Conprime.

574 1851 597 1886 s
633 1852 666 1886 Τ
699 1853 734 1906 B
769 1852 805 1886 A
844 1854 876 1886 Τ
912 1854 935 1887 1
970 1853 1003 1887 Ι,
1037 1852 1073 1886 Α
1109 1853 1159 1887 x.
1491 1894 1495 1897 ⁴

220 1909 370 1974 Spero
395 1926 552 1959 meam
586 1911 786 1972 quidem
821 1913 998 1960 hercle:
1035 1924 1112 1972 te,
1146 1913 1234 1975 qui
1261 1914 1402 1959 solitu
1418 1913 1506 1970 ’st‚

479 1985 762 2046 conprimat.
1317 2045 1321 2049 .

220 2057 464 2120 Inpudens
499 2074 584 2119 per
619 2059 876 2106 ridiculum
911 2068 967 2105 ut
996 2057 1170 2105 rustico
1204 2052 1369 2104 suadet
1402 2065 1501 2101 stu-

479 2134 655 2193 prum!
1354 2144 1359 2148 ’

576 2217 612 2251 A
650 2216 674 2252 s
709 2217 741 2259 Τ
777 2216 812 2250 Α
848 2216 878 2249 Ρ
914 2215 949 2248 H
982 2215 1006 2248 1
1040 2215 1077 2248 U
1112 2214 1168 2248 M.

217 2269 341 2317 Iram
367 2269 478 2317 dixi.

575 2345 599 2380 s
635 2345 667 2379 T
703 2346 737 2379 R
774 2343 811 2378 A
847 2344 879 2376 T
914 2343 936 2376 1
970 2342 1002 2376 Ι,
1037 2341 1072 2374 A
1108 2339 1158 2372 x.

410 2407 474 2452 Ut
497 2422 590 2452 esse
608 2404 829 2466 coepisti,
858 2403 894 2447 si
918 2402 1028 2447 dem
1043 2434 1057 2457 ,
1082 2399 1118 2444 si
1138 2410 1204 2444 est
1221 2414 1315 2443 una
1338 2398 1492 2445 altera.
