1630 2866
220 203 285 237 20
568 187 1147 237 POENULUS.
1374 190 1510 244 v‚68

642 310 686 342 M
722 310 742 342 Ι
776 310 806 342 L
846 309 874 342 P
914 308 948 341 H
982 309 1005 342 I
1040 309 1086 343 Ο.

221 372 367 420 Enim
394 387 537 427 vero,
567 370 679 416 here
698 405 711 427 ,
741 370 848 417 facis
877 369 1074 416 delicias.

471 453 1255 490 AGORASTOCLES.

576 515 653 561 De
689 526 737 560 te
771 515 974 575 quidem
1008 514 1123 561 haec
1156 514 1305 563 didici
1335 516 1509 564 omniass

640 600 682 632 M
718 600 737 631 1
777 600 807 631 L
844 601 871 633 P
915 601 948 632 Η
987 600 1007 632 1
1047 598 1092 632 o.

218 662 436 707 Etiamne
463 671 518 707 ut
551 678 674 707 ames
705 677 807 705 eam
825 694 838 716 ‚
873 676 1019 721 quam
1040 663 1508 728 numquam-tetige-j

473 732 569 778 ris?
603 732 723 777 nihil
753 731 847 777 illic
881 731 1083 792 quidem
1110 742 1191 777 est.

466 822 1264 859 AGORASTOCLES.

215 883 343 930 Deos
376 900 576 946 quoque
608 884 782 945 edepol
802 895 864 929 ‘et
892 901 1001 930 amo
1025 894 1072 929 et
1095 895 1265 931 metuo
1284 917 1300 943 ,
1330 882 1506 947 quibus

469 973 561 1020 ego
596 969 759 1003 tamen
791 956 1003 1002 abstineo
1034 973 1216 1003 manus.

478 1047 1237 1082 ANTERASTILIS.

215 1112 353 1159 Heu!
390 1122 565 1156 ecastor
583 1145 597 1168 ,
638 1126 791 1170 quom
825 1120 1047 1156 ornatum
1079 1110 1252 1172 aspicio
1284 1122 1503 1161 nostrum

480 1186 757 1241 ambarum,
788 1185 1033 1245 poenitet,
1154 1198 1173 1221 ⁴

212 1262 478 1308 Exomatae
508 1271 563 1305 ut
596 1260 755 1305 simus·

504 1340 1245 1390 ADELPHASIUM.

765 1403 924 1449 Immo
947 1420 1063 1450 vero
1091 1419 1199 1449 sane
1227 1399 1502 1447 commode.

214 1472 339 1519 Nam
367 1490 458 1535 pro
486 1473 621 1519 herili
648 1486 695 1521 et
719 1487 882 1522 nostro
912 1487 1111 1537 quaestu
1140 1475 1242 1523 satis
1271 1473 1398 1519 bene
1423 1489 1501 1519 or-

472 1558 609 1591 natae
637 1564 809 1593 sumus.

215 1619 329 1665 Non
373 1619 501 1665 enim
535 1631 692 1679 potest
715 1630 954 1681 ‚quaestus
992 1618 1241 1665 consistere
1261 1651 1275 1675 ,
1311 1618 1348 1663 si
1385 1632 1499 1663 eum

471 1703 651 1737 sumtus
682 1704 896 1754 superat,
928 1697 1069 1738 sor'or.

211 1764 282 1810 Eo
313 1763 435 1809 illud
467 1764 586 1809 satiu
611 1765 664 1810 ’st
696 1765 823 1822 satis,
861 1763 997 1825 quod
1027 1763 1128 1809 satis
1156 1773 1252 1822 est,
1291 1762 1494 1822 habitu,

463 1851 609 1895 quam
639 1837 774 1896 quod
800 1837 906 1896 plus
933 1846 1000 1881 sat
1029 1846 1108 1880 est,

393 1918 1261 1964 ‚AGORASTOCLEffi

210 1980 385 2026 Ita'me
404 1979 485 2026 Dii
510 1992 670 2026 ament
686 2015 699 2037 ,
718 1991 773 2025 ut
799 1981 876 2026 illa
893 1997 972 2026 me
991 1991 1118 2027 amet
1136 1979 1325 2038 malim,
1346 1994 1492 2040 quam

460 2053 572 2110 Dii,
608 2053 824 2114 Milphio.

211 2124 335 2170 Nam
363 2126 440 2171 illa
467 2126 637 2171 mulier
665 2126 876 2187 lapidem
902 2125 1077 2171 silicem
1103 2124 1345 2190 subigere,
1374 2133 1430 2171 ut
1446 2138 1495 2174 Se

464 2210 590 2246 amet
607 2234 621 2257 ,
660 2197 832 2260 potest.

620 2283 664 2316 M
700 2284 720 2315 I
756 2282 786 2315 L
822 2283 851 2316 P
893 2283 928 2316 H
963 2284 985 2317 I
1022 2283 1068 2317 Ο.

207 2343 294 2390 Ρο1
323 2345 373 2390 id
403 2343 600 2406 quidem
629 2343 759 2389 haud
789 2343 1001 2390 mentire.
1034 2358 1147 2390 nam
1180 2352 1234 2389 tu
1257 2357 1303 2389 es
1323 2339 1485 2404 lapide

462 2419 585 2464 silice
615 2419 797 2464 stultior
811 2452 828 2477 ‚
