1630 2866
189 175 277 222 232
402 158 788 210 PSEUDOLUS.
825 159 965 208 ACT.
983 163 1042 211 V.
1079 162 1165 211 SC.
1183 165 1245 212 ΙΙ.
1347 182 1392 214 v.
1414 179 1475 225 29

547 281 577 313 1³
613 281 635 314 S
670 282 701 314 E
739 281 775 313 U
811 282 846 315 D
885 281 918 316 O
953 281 985 315 L
1020 282 1057 316 U
1093 284 1137 319 S.‘

321 339 474 388 Simul
498 358 692 388 mecum
714 353 953 404 potatum.

650 431 679 462 Β
718 430 754 463 Α
790 430 821 462 L
860 430 890 462 L
926 429 947 462 1
985 430 1030 463 o.

780 491 947 554 Egone
975 492 1117 539 eam?
1179 487 1192 496 ⁶

551 582 581 616 P
623 582 645 616 S
684 583 715 616 E
752 582 788 615 U
824 584 860 616 D
901 584 934 617 O
971 585 1001 618 L
1040 585 1075 617 U
1112 584 1150 619 S.

966 646 1004 692 F
1006 663 1057 692 ac
1070 680 1084 704 ,
1103 646 1236 707 quod
1257 657 1304 694 te
1316 647 1480 712 jubeo.

192 712 242 761 Si
270 714 305 760 is
322 748 335 772 ‚
368 725 451 762 aut
477 715 737 763 dimidium
755 752 769 775 ,
801 730 883 765 aut
910 720 1021 781 plus
1049 720 1194 766 etiam
1227 719 1337 766 faxo
1372 721 1484 766 hinc

582 792 716 839 fe1es.

652 879 680 911 Β
719 879 755 911 Α
792 880 821 913 L
857 879 887 911 L
924 880 945 912 1
985 879 1032 912 ο.

521 938 622 989 Εο;
662 939 757 984 duc
791 956 868 985 me
889 975 901 996 ‚
938 956 1037 1000 quo
1059 940 1139 986 vis.

552 1028 581 1064 'P
618 1032 641 1065 s
678 1032 709 1064 E
747 1033 782 1065 U
817 1034 853 1065 D
894 1033 926 1065 ο
966 1033 996 1066 L
1036 1033 1069 1065 U
1109 1032 1148 1066 s.

1155 1090 1293 1159 Quid
1319 1091 1486 1135 nunc?

196 1159 452 1222 Numquid
484 1161 624 1208 iratus
657 1180 703 1209 es
733 1175 814 1208 aut
842 1164 989 1220 mihi,
1017 1173 1098 1207 aut
1125 1162 1223 1207 filio
1240 1195 1256 1219 ,
1290 1172 1487 1223 propter

643 1249 652 1257 '
683 1239 761 1283 has
790 1255 884 1294 res⁷
923 1235 1090 1284 Simo?

726 1331 748 1365 s
785 1331 806 1364 1
843 1332 885 1364 M
926 1331 973 1363 ο.
1490 1341 1494 1346 »

1094 1380 1227 1428 Nihil
1261 1380 1490 1444 profecto.

558 1465 588 1498 P
628 1463 650 1499 S
686 1465 716 1498 E
754 1464 791 1497 U
826 1466 862 1498 D
903 1465 935 1499 O
973 1466 1004 1498 L
1041 1465 1076 1499 U
1113 1466 1151 1500 S.

202 1516 227 1563 I
252 1518 353 1564 hac.
800 1532 802 1534 ·

658 1594 686 1626 Β
723 1593 759 1626 A
795 1594 826 1627 L
862 1595 892 1627 L
928 1595 948 1626 I
987 1594 1038 1627 Ο.

302 1649 375 1698 Te
400 1668 587 1714 sequor.
617 1654 737 1715 quin
759 1669 896 1700 vocas
919 1665 1200 1715 spectatores
1217 1654 1391 1701 simul?

562 1744 592 1779 P
630 1745 653 1779 S
691 1747 721 1779 E
759 1746 795 1779 U
831 1748 867 1779 D
907 1747 939 1779 0
980 1748 1010 1780 L
1047 1746 1081 1779 U
1121 1747 1160 1781 S.

1114 1805 1287 1851 Hercle
1318 1821 1400 1851 me
1422 1806 1496 1853 isti

208 1875 355 1922 Haud
371 1878 523 1923 solent
548 1892 742 1933 vocare,
763 1892 924 1937 neque
942 1893 1052 1942 ergo
1079 1894 1166 1942 ego
1186 1879 1307 1924 istos.
1326 1895 1496 1924 verum

461 1949 498 1994 si
524 1943 665 1994 volti's
697 1948 983 2009 applaudere
1410 1952 1424 1967 ’

206 2022 370 2084 Atque
402 2023 662 2085 approbare
696 2023 827 2067 hunc
862 2039 1051 2086 gregem
1086 2035 1134 2070 et
1171 2024 1410 2082 fabulam,
1444 2023 1496 2068 in

468 2097 721 2143 crastinum
751 2112 837 2142 vos
868 2098 1068 2144 vocabo.

615 2288 1077 2311 ———-·-—-÷
