<?xml version="1.0" encoding="UTF-8"?>
<!DOCTYPE html PUBLIC "-//W3C//DTD XHTML 1.0 Transitional//EN"
    "http://www.w3.org/TR/xhtml1/DTD/xhtml1-transitional.dtd">
<html xmlns="http://www.w3.org/1999/xhtml" xml:lang="en" lang="en">
 <head>
  <title>
</title>
<meta http-equiv="Content-Type" content="text/html;charset=utf-8" />
  <meta name='ocr-system' content='tesseract 3.04.00' />
  <meta name='ocr-capabilities' content='ocr_page ocr_carea ocr_par ocr_line ocrx_word'/>
</head>
<body>
  <div class='ocr_page' id='page_1' title='image "./comoediaesuperst03plauuoft_0249.png"; bbox 0 0 1630 2866; ppageno 0'>
   <div class='ocr_carea' id='block_1_1' title="bbox 114 177 1391 246">
    <p class='ocr_par' dir='ltr' id='par_1_1' title="bbox 114 177 1391 246">
     <span class='ocr_line' id='line_1_1' title="bbox 114 177 1391 246; baseline -0.005 -13"><span class='ocrx_word' id='word_1_1' title='bbox 114 183 247 246; x_wconf 84' lang='lat' dir='ltr'><strong>v.36</strong></span> <span class='ocrx_word' id='word_1_2' title='bbox 411 177 746 227; x_wconf 91' lang='lat' dir='ltr'>ACTUS</span> <span class='ocrx_word' id='word_1_3' title='bbox 799 177 1113 226; x_wconf 88' lang='lat' dir='ltr'><strong>I.SC.II.</strong></span> <span class='ocrx_word' id='word_1_4' title='bbox 1304 195 1391 243; x_wconf 76' lang='lat'><strong>243</strong></span> 
     </span>
    </p>
   </div>
   <div class='ocr_carea' id='block_1_2' title="bbox 501 299 1392 399">
    <p class='ocr_par' dir='ltr' id='par_1_2' title="bbox 501 299 1392 399">
     <span class='ocr_line' id='line_1_2' title="bbox 501 299 1042 344; baseline -0.004 -9"><span class='ocrx_word' id='word_1_5' title='bbox 501 302 538 335; x_wconf 90' lang='lat' dir='ltr'>D</span> <span class='ocrx_word' id='word_1_6' title='bbox 574 300 610 334; x_wconf 81' lang='lat' dir='ltr'>A</span> <span class='ocrx_word' id='word_1_7' title='bbox 642 300 674 334; x_wconf 79' lang='grc' dir='ltr'>Ε</span> <span class='ocrx_word' id='word_1_8' title='bbox 711 299 755 333; x_wconf 89' lang='grc' dir='ltr'><strong>Μ</strong></span> <span class='ocrx_word' id='word_1_9' title='bbox 793 299 897 344; x_wconf 49' lang='lat' dir='ltr'><strong>0ss</strong></span> <span class='ocrx_word' id='word_1_10' title='bbox 935 300 966 334; x_wconf 77' lang='grc' dir='ltr'><strong>Ε</strong></span> <span class='ocrx_word' id='word_1_11' title='bbox 1003 299 1042 334; x_wconf 89' lang='lat' dir='ltr'><strong>s.</strong></span> 
     </span>
     <span class='ocr_line' id='line_1_3' title="bbox 1255 353 1392 399; baseline -0.007 0"><span class='ocrx_word' id='word_1_12' title='bbox 1255 353 1392 399; x_wconf 85' lang='lat' dir='ltr'><strong>Tace.</strong></span> 
     </span>
    </p>
   </div>
   <div class='ocr_carea' id='block_1_3' title="bbox 112 416 1397 1350">
    <p class='ocr_par' dir='ltr' id='par_1_3' title="bbox 112 416 1397 1350">
     <span class='ocr_line' id='line_1_4' title="bbox 112 416 882 482; baseline -0.01 -12"><span class='ocrx_word' id='word_1_13' title='bbox 112 422 225 480; x_wconf 79' lang='lat' dir='ltr'><strong>TU,</strong></span> <span class='ocrx_word' id='word_1_14' title='bbox 251 420 288 468; x_wconf 87' lang='lat' dir='ltr'><strong>si</strong></span> <span class='ocrx_word' id='word_1_15' title='bbox 318 418 440 482; x_wconf 90' lang='lat' dir='ltr'><strong>quid</strong></span> <span class='ocrx_word' id='word_1_16' title='bbox 480 434 600 479; x_wconf 82' lang='lat' dir='ltr'><strong>opus</strong></span> <span class='ocrx_word' id='word_1_17' title='bbox 630 427 728 474; x_wconf 86' lang='lat' dir='ltr'><strong>est,</strong></span> <span class='ocrx_word' id='word_1_18' title='bbox 763 416 882 463; x_wconf 90' lang='lat' dir='ltr'><strong>dice.</strong></span> 
     </span>
     <span class='ocr_line' id='line_1_5' title="bbox 376 501 1127 540; baseline -0.004 -1"><span class='ocrx_word' id='word_1_19' title='bbox 376 501 1127 540; x_wconf 80' lang='lat' dir='ltr'>PLEUSIDIPPUS.</span> 
     </span>
     <span class='ocr_line' id='line_1_6' title="bbox 867 564 1394 630; baseline 0.006 -20"><span class='ocrx_word' id='word_1_20' title='bbox 867 564 989 622; x_wconf 86' lang='lat' dir='ltr'><strong>Dic,</strong></span> <span class='ocrx_word' id='word_1_21' title='bbox 1021 564 1158 626; x_wconf 92' lang='lat' dir='ltr'><strong>quod</strong></span> <span class='ocrx_word' id='word_1_22' title='bbox 1183 575 1232 610; x_wconf 88' lang='lat' dir='ltr'><strong>te</strong></span> <span class='ocrx_word' id='word_1_23' title='bbox 1260 582 1394 630; x_wconf 84' lang='lat' dir='ltr'>rogo.</span> 
     </span>
     <span class='ocr_line' id='line_1_7' title="bbox 116 633 1397 698; baseline -0.001 -14"><span class='ocrx_word' id='word_1_24' title='bbox 116 637 332 697; x_wconf 85' lang='lat' dir='ltr'><strong>Ecquem</strong></span> <span class='ocrx_word' id='word_1_25' title='bbox 359 647 415 680; x_wconf 91' lang='lat' dir='ltr'><strong>tu</strong></span> <span class='ocrx_word' id='word_1_26' title='bbox 442 633 519 680; x_wconf 88' lang='lat' dir='ltr'><strong>hic</strong></span> <span class='ocrx_word' id='word_1_27' title='bbox 537 634 786 681; x_wconf 90' lang='lat' dir='ltr'><strong>hominem</strong></span> <span class='ocrx_word' id='word_1_28' title='bbox 807 635 1013 698; x_wconf 76' lang='lat' dir='ltr'><strong>crispum</strong></span> <span class='ocrx_word' id='word_1_29' title='bbox 1029 672 1043 694; x_wconf 86' lang='lat'><strong>,</strong></span> <span class='ocrx_word' id='word_1_30' title='bbox 1075 638 1299 684; x_wconf 89' lang='lat' dir='ltr'><strong>incanum</strong></span> <span class='ocrx_word' id='word_1_31' title='bbox 1323 639 1397 685; x_wconf 84' lang='lat' dir='ltr'><strong>vi·-</strong></span> 
     </span>
     <span class='ocr_line' id='line_1_8' title="bbox 373 709 521 766; baseline -0.007 -11"><span class='ocrx_word' id='word_1_32' title='bbox 373 709 521 766; x_wconf 85' lang='lat' dir='ltr'><strong>deris,</strong></span> 
     </span>
     <span class='ocr_line' id='line_1_9' title="bbox 115 781 984 846; baseline -0.005 -17"><span class='ocrx_word' id='word_1_33' title='bbox 115 783 325 840; x_wconf 84' lang='lat' dir='ltr'><strong>Malum,</strong></span> <span class='ocrx_word' id='word_1_34' title='bbox 349 783 595 846; x_wconf 78' lang='lat' dir='ltr'><strong>perjurum</strong></span> <span class='ocrx_word' id='word_1_35' title='bbox 613 815 629 838; x_wconf 91' lang='lat'>,</span> <span class='ocrx_word' id='word_1_36' title='bbox 657 781 984 842; x_wconf 82' lang='lat' dir='ltr'>palpatorem?</span> 
     </span>
     <span class='ocr_line' id='line_1_10' title="bbox 502 866 1042 900; baseline 0 0"><span class='ocrx_word' id='word_1_37' title='bbox 502 868 538 900; x_wconf 91' lang='lat' dir='ltr'>D</span> <span class='ocrx_word' id='word_1_38' title='bbox 575 867 611 900; x_wconf 89' lang='lat' dir='ltr'>A</span> <span class='ocrx_word' id='word_1_39' title='bbox 645 867 676 899; x_wconf 88' lang='lat' dir='ltr'>E</span> <span class='ocrx_word' id='word_1_40' title='bbox 719 868 762 900; x_wconf 92' lang='lat' dir='ltr'>M</span> <span class='ocrx_word' id='word_1_41' title='bbox 800 867 832 900; x_wconf 93' lang='grc' dir='ltr'>Ο</span> <span class='ocrx_word' id='word_1_42' title='bbox 867 867 917 899; x_wconf 66' lang='lat' dir='ltr'><strong>N·</strong></span> <span class='ocrx_word' id='word_1_43' title='bbox 936 867 966 899; x_wconf 85' lang='lat' dir='ltr'><strong>E</strong></span> <span class='ocrx_word' id='word_1_44' title='bbox 1003 866 1042 900; x_wconf 84' lang='lat' dir='ltr'><strong>S.</strong></span> 
     </span>
     <span class='ocr_line' id='line_1_11' title="bbox 988 928 1236 974; baseline 0.004 -1"><span class='ocrx_word' id='word_1_45' title='bbox 988 928 1236 974; x_wconf 88' lang='lat' dir='ltr'><strong>Plurimos.</strong></span> 
     </span>
     <span class='ocr_line' id='line_1_12' title="bbox 117 1001 1332 1068; baseline 0 -18"><span class='ocrx_word' id='word_1_46' title='bbox 117 1002 245 1050; x_wconf 89' lang='lat' dir='ltr'><strong>Nam</strong></span> <span class='ocrx_word' id='word_1_47' title='bbox 277 1019 364 1068; x_wconf 89' lang='lat' dir='ltr'><strong>ego</strong></span> <span class='ocrx_word' id='word_1_48' title='bbox 391 1012 586 1064; x_wconf 85' lang='lat' dir='ltr'><strong>propter</strong></span> <span class='ocrx_word' id='word_1_49' title='bbox 617 1001 852 1065; x_wconf 76' lang='lat' dir='ltr'><strong>ejusmodi</strong></span> <span class='ocrx_word' id='word_1_50' title='bbox 880 1001 1005 1047; x_wconf 87' lang='lat' dir='ltr'><strong>viros</strong></span> <span class='ocrx_word' id='word_1_51' title='bbox 1036 1002 1149 1049; x_wconf 87' lang='lat' dir='ltr'><strong>vivo</strong></span> <span class='ocrx_word' id='word_1_52' title='bbox 1181 1003 1332 1050; x_wconf 84' lang='lat' dir='ltr'><strong>miser.</strong></span> 
     </span>
     <span class='ocr_line' id='line_1_13' title="bbox 380 1093 1136 1128; baseline -0.004 0"><span class='ocrx_word' id='word_1_53' title='bbox 380 1093 1136 1128; x_wconf 81' lang='lat' dir='ltr'><strong>PLEUSIDIPPUS.</strong></span> 
     </span>
     <span class='ocr_line' id='line_1_14' title="bbox 118 1153 1302 1214; baseline -0.003 -9"><span class='ocrx_word' id='word_1_54' title='bbox 118 1159 212 1206; x_wconf 89' lang='lat' dir='ltr'><strong>Hic</strong></span> <span class='ocrx_word' id='word_1_55' title='bbox 245 1157 352 1203; x_wconf 87' lang='lat' dir='ltr'><strong>dico</strong></span> <span class='ocrx_word' id='word_1_56' title='bbox 389 1156 440 1202; x_wconf 91' lang='lat' dir='ltr'><strong>in</strong></span> <span class='ocrx_word' id='word_1_57' title='bbox 472 1154 638 1200; x_wconf 86' lang='lat' dir='ltr'><strong>fanum</strong></span> <span class='ocrx_word' id='word_1_58' title='bbox 660 1154 857 1200; x_wconf 84' lang='lat' dir='ltr'><strong>Veneris</strong></span> <span class='ocrx_word' id='word_1_59' title='bbox 889 1153 974 1214; x_wconf 90' lang='lat' dir='ltr'><strong>qui</strong></span> <span class='ocrx_word' id='word_1_60' title='bbox 1004 1155 1302 1202; x_wconf 83' lang='lat' dir='ltr'><strong>mulierculas</strong></span> 
     </span>
     <span class='ocr_line' id='line_1_15' title="bbox 116 1226 1350 1288; baseline -0.004 -10"><span class='ocrx_word' id='word_1_61' title='bbox 116 1232 244 1278; x_wconf 75' lang='lat' dir='ltr'><strong>Duas</strong></span> <span class='ocrx_word' id='word_1_62' title='bbox 272 1247 433 1276; x_wconf 89' lang='lat' dir='ltr'><strong>secum</strong></span> <span class='ocrx_word' id='word_1_63' title='bbox 464 1228 690 1274; x_wconf 82' lang='lat' dir='ltr'><strong>adduxit:</strong></span> <span class='ocrx_word' id='word_1_64' title='bbox 727 1227 913 1288; x_wconf 87' lang='lat' dir='ltr'><strong>quique</strong></span> <span class='ocrx_word' id='word_1_65' title='bbox 948 1226 1197 1273; x_wconf 86' lang='lat' dir='ltr'><strong>adornaret</strong></span> <span class='ocrx_word' id='word_1_66' title='bbox 1228 1229 1350 1288; x_wconf 86' lang='lat' dir='ltr'>sibi,</span> 
     </span>
     <span class='ocr_line' id='line_1_16' title="bbox 120 1295 1265 1350; baseline -0.003 -1"><span class='ocrx_word' id='word_1_67' title='bbox 120 1303 195 1350; x_wconf 68' lang='lat' dir='ltr'><strong>Ut&#39;</strong></span> <span class='ocrx_word' id='word_1_68' title='bbox 215 1295 318 1349; x_wconf 65' lang='lat' dir='ltr'><strong>iem</strong></span> <span class='ocrx_word' id='word_1_69' title='bbox 356 1299 567 1348; x_wconf 85' lang='lat' dir='ltr'><strong>divinam</strong></span> <span class='ocrx_word' id='word_1_70' title='bbox 598 1298 734 1344; x_wconf 86' lang='lat' dir='ltr'><strong>faciat</strong></span> <span class='ocrx_word' id='word_1_71' title='bbox 760 1297 1013 1344; x_wconf 87' lang='lat' dir='ltr'><strong>authodie</strong></span> <span class='ocrx_word' id='word_1_72' title='bbox 1044 1310 1126 1345; x_wconf 91' lang='lat' dir='ltr'><strong>aut</strong></span> <span class='ocrx_word' id='word_1_73' title='bbox 1153 1299 1265 1345; x_wconf 81' lang='lat' dir='ltr'><strong>heri.</strong></span> 
     </span>
    </p>
   </div>
   <div class='ocr_carea' id='block_1_4' title="bbox 122 1392 1407 2165">
    <p class='ocr_par' dir='ltr' id='par_1_4' title="bbox 122 1392 1407 2165">
     <span class='ocr_line' id='line_1_17' title="bbox 505 1392 1034 1426; baseline 0 -1"><span class='ocrx_word' id='word_1_74' title='bbox 505 1395 542 1426; x_wconf 89' lang='lat' dir='ltr'>D</span> <span class='ocrx_word' id='word_1_75' title='bbox 577 1393 613 1425; x_wconf 88' lang='lat' dir='ltr'>A</span> <span class='ocrx_word' id='word_1_76' title='bbox 647 1393 677 1425; x_wconf 83' lang='lat' dir='ltr'><strong>E</strong></span> <span class='ocrx_word' id='word_1_77' title='bbox 712 1394 755 1426; x_wconf 92' lang='grc' dir='ltr'><strong>Μ</strong></span> <span class='ocrx_word' id='word_1_78' title='bbox 792 1393 824 1425; x_wconf 89' lang='lat'>0</span> <span class='ocrx_word' id='word_1_79' title='bbox 861 1393 894 1425; x_wconf 79' lang='lat' dir='ltr'>N</span> <span class='ocrx_word' id='word_1_80' title='bbox 928 1393 958 1424; x_wconf 83' lang='lat' dir='ltr'>E</span> <span class='ocrx_word' id='word_1_81' title='bbox 996 1392 1034 1425; x_wconf 91' lang='lat' dir='ltr'><strong>s.</strong></span> 
     </span>
     <span class='ocr_line' id='line_1_18' title="bbox 122 1451 1399 1514; baseline -0.002 -13"><span class='ocrx_word' id='word_1_82' title='bbox 122 1454 236 1501; x_wconf 88' lang='lat' dir='ltr'><strong>Non</strong></span> <span class='ocrx_word' id='word_1_83' title='bbox 266 1454 449 1508; x_wconf 84' lang='lat' dir='ltr'><strong>hercle,</strong></span> <span class='ocrx_word' id='word_1_84' title='bbox 484 1451 752 1496; x_wconf 87' lang='lat' dir='ltr'><strong>adulescens</strong></span> <span class='ocrx_word' id='word_1_85' title='bbox 772 1487 784 1508; x_wconf 87' lang='lat'>‚</span> <span class='ocrx_word' id='word_1_86' title='bbox 813 1453 913 1514; x_wconf 86' lang='lat' dir='ltr'><strong>jam</strong></span> <span class='ocrx_word' id='word_1_87' title='bbox 948 1453 1034 1498; x_wconf 90' lang='lat' dir='ltr'><strong>hos</strong></span> <span class='ocrx_word' id='word_1_88' title='bbox 1064 1451 1161 1497; x_wconf 87' lang='lat' dir='ltr'><strong>dies</strong></span> <span class='ocrx_word' id='word_1_89' title='bbox 1194 1453 1399 1514; x_wconf 90' lang='lat' dir='ltr'><strong>conplu-</strong></span> 
     </span>
     <span class='ocr_line' id='line_1_19' title="bbox 378 1525 527 1569; baseline -0.007 0"><span class='ocrx_word' id='word_1_90' title='bbox 378 1525 527 1569; x_wconf 88' lang='lat' dir='ltr'><strong>sculos</strong></span> 
     </span>
     <span class='ocr_line' id='line_1_20' title="bbox 126 1595 1398 1671; baseline -0.002 -25"><span class='ocrx_word' id='word_1_91' title='bbox 126 1603 435 1671; x_wconf 72' lang='lat' dir='ltr'><strong>Quemquam</strong></span> <span class='ocrx_word' id='word_1_92' title='bbox 467 1597 568 1641; x_wconf 88' lang='lat' dir='ltr'><strong>istic</strong></span> <span class='ocrx_word' id='word_1_93' title='bbox 596 1595 693 1641; x_wconf 80' lang='lat' dir='ltr'><strong>vidi</strong></span> <span class='ocrx_word' id='word_1_94' title='bbox 719 1596 1010 1641; x_wconf 87' lang='lat' dir='ltr'><strong>sacruficare:</strong></span> <span class='ocrx_word' id='word_1_95' title='bbox 1049 1613 1210 1657; x_wconf 90' lang='lat' dir='ltr'><strong>neque</strong></span> <span class='ocrx_word' id='word_1_96' title='bbox 1240 1609 1398 1658; x_wconf 89' lang='lat' dir='ltr'><strong>potest</strong></span> 
     </span>
     <span class='ocr_line' id='line_1_21' title="bbox 128 1668 1400 1732; baseline -0.002 -14"><span class='ocrx_word' id='word_1_97' title='bbox 128 1673 261 1719; x_wconf 85' lang='lat' dir='ltr'><strong>Clam</strong></span> <span class='ocrx_word' id='word_1_98' title='bbox 284 1686 363 1716; x_wconf 90' lang='lat' dir='ltr'><strong>me</strong></span> <span class='ocrx_word' id='word_1_99' title='bbox 392 1685 511 1726; x_wconf 84' lang='lat' dir='ltr'><strong>esse,</strong></span> <span class='ocrx_word' id='word_1_100' title='bbox 533 1669 569 1713; x_wconf 87' lang='lat' dir='ltr'><strong>si</strong></span> <span class='ocrx_word' id='word_1_101' title='bbox 596 1668 681 1728; x_wconf 89' lang='lat' dir='ltr'><strong>qui</strong></span> <span class='ocrx_word' id='word_1_102' title='bbox 703 1668 986 1714; x_wconf 86' lang='lat' dir='ltr'><strong>sacruficant.</strong></span> <span class='ocrx_word' id='word_1_103' title='bbox 1018 1685 1203 1730; x_wconf 87' lang='lat' dir='ltr'><strong>semper</strong></span> <span class='ocrx_word' id='word_1_104' title='bbox 1223 1682 1400 1732; x_wconf 90' lang='lat' dir='ltr'><strong>petunt</strong></span> 
     </span>
     <span class='ocr_line' id='line_1_22' title="bbox 126 1740 1396 1804; baseline -0.001 -14"><span class='ocrx_word' id='word_1_105' title='bbox 126 1740 314 1804; x_wconf 87' lang='lat' dir='ltr'><strong>Aquam</strong></span> <span class='ocrx_word' id='word_1_106' title='bbox 337 1742 473 1798; x_wconf 87' lang='lat' dir='ltr'><strong>hinc,</strong></span> <span class='ocrx_word' id='word_1_107' title='bbox 508 1752 589 1786; x_wconf 90' lang='lat' dir='ltr'><strong>aut</strong></span> <span class='ocrx_word' id='word_1_108' title='bbox 615 1740 775 1804; x_wconf 86' lang='lat' dir='ltr'><strong>ignem</strong></span> <span class='ocrx_word' id='word_1_109' title='bbox 793 1774 807 1797; x_wconf 88' lang='lat'>‚</span> <span class='ocrx_word' id='word_1_110' title='bbox 837 1752 919 1787; x_wconf 89' lang='lat' dir='ltr'><strong>aut</strong></span> <span class='ocrx_word' id='word_1_111' title='bbox 944 1743 1154 1800; x_wconf 89' lang='lat' dir='ltr'><strong>vascula,</strong></span> <span class='ocrx_word' id='word_1_112' title='bbox 1187 1756 1270 1789; x_wconf 88' lang='lat' dir='ltr'><strong>aut</strong></span> <span class='ocrx_word' id='word_1_113' title='bbox 1295 1745 1396 1789; x_wconf 89' lang='lat' dir='ltr'><strong>cul-</strong></span> 
     </span>
     <span class='ocr_line' id='line_1_23' title="bbox 376 1824 822 1870; baseline -0.002 -11"><span class='ocrx_word' id='word_1_114' title='bbox 376 1824 533 1870; x_wconf 85' lang='lat' dir='ltr'><strong>trum,</strong></span> <span class='ocrx_word' id='word_1_115' title='bbox 563 1824 646 1858; x_wconf 84' lang='lat' dir='ltr'><strong>aut</strong></span> <span class='ocrx_word' id='word_1_116' title='bbox 675 1827 790 1859; x_wconf 85' lang='lat' dir='ltr'><strong>veru</strong></span> <span class='ocrx_word' id='word_1_117' title='bbox 807 1847 822 1870; x_wconf 88' lang='lat'>,</span> 
     </span>
     <span class='ocr_line' id='line_1_24' title="bbox 127 1882 1407 1947; baseline -0.002 -14"><span class='ocrx_word' id='word_1_118' title='bbox 127 1887 226 1933; x_wconf 89' lang='lat' dir='ltr'><strong>Aut</strong></span> <span class='ocrx_word' id='word_1_119' title='bbox 263 1887 416 1931; x_wconf 88' lang='lat' dir='ltr'><strong>aulam</strong></span> <span class='ocrx_word' id='word_1_120' title='bbox 451 1898 655 1930; x_wconf 85' lang='lat' dir='ltr'><strong>extarem</strong></span> <span class='ocrx_word' id='word_1_121' title='bbox 671 1919 684 1942; x_wconf 90' lang='lat'>‚</span> <span class='ocrx_word' id='word_1_122' title='bbox 724 1897 804 1931; x_wconf 90' lang='lat' dir='ltr'><strong>aut</strong></span> <span class='ocrx_word' id='word_1_123' title='bbox 838 1885 1049 1946; x_wconf 87' lang='lat' dir='ltr'><strong>aliquid:</strong></span> <span class='ocrx_word' id='word_1_124' title='bbox 1093 1886 1212 1947; x_wconf 90' lang='lat' dir='ltr'><strong>quid</strong></span> <span class='ocrx_word' id='word_1_125' title='bbox 1249 1882 1407 1931; x_wconf 69' lang='lat' dir='ltr'><strong>verbis</strong></span> 
     </span>
     <span class='ocr_line' id='line_1_25' title="bbox 385 1958 594 2019; baseline -0.005 -16"><span class='ocrx_word' id='word_1_126' title='bbox 385 1974 484 2019; x_wconf 91' lang='lat' dir='ltr'><strong>opu</strong></span> <span class='ocrx_word' id='word_1_127' title='bbox 499 1958 554 2003; x_wconf 88' lang='lat' dir='ltr'><strong>’st</strong></span> <span class='ocrx_word' id='word_1_128' title='bbox 571 1958 594 2002; x_wconf 71' lang='grc' dir='ltr'>Ρ</span> 
     </span>
     <span class='ocr_line' id='line_1_26' title="bbox 130 2028 1239 2091; baseline -0.005 -11"><span class='ocrx_word' id='word_1_129' title='bbox 130 2030 304 2080; x_wconf 85' lang='lat' dir='ltr'><strong>Veneri</strong></span> <span class='ocrx_word' id='word_1_130' title='bbox 335 2031 493 2091; x_wconf 85' lang='lat' dir='ltr'><strong>paravi</strong></span> <span class='ocrx_word' id='word_1_131' title='bbox 519 2045 623 2075; x_wconf 86' lang='lat' dir='ltr'><strong>vasa</strong></span> <span class='ocrx_word' id='word_1_132' title='bbox 649 2041 695 2075; x_wconf 93' lang='lat' dir='ltr'><strong>et</strong></span> <span class='ocrx_word' id='word_1_133' title='bbox 717 2041 923 2091; x_wconf 89' lang='lat' dir='ltr'><strong>puteum</strong></span> <span class='ocrx_word' id='word_1_134' title='bbox 939 2063 952 2085; x_wconf 87' lang='lat'>,</span> <span class='ocrx_word' id='word_1_135' title='bbox 979 2045 1080 2074; x_wconf 89' lang='lat' dir='ltr'><strong>non</strong></span> <span class='ocrx_word' id='word_1_136' title='bbox 1107 2028 1239 2074; x_wconf 91' lang='lat' dir='ltr'><strong>mihi.</strong></span> 
     </span>
     <span class='ocr_line' id='line_1_27' title="bbox 129 2100 1294 2165; baseline -0.003 -14"><span class='ocrx_word' id='word_1_137' title='bbox 129 2106 271 2152; x_wconf 91' lang='lat' dir='ltr'><strong>Nunc</strong></span> <span class='ocrx_word' id='word_1_138' title='bbox 295 2102 592 2149; x_wconf 84' lang='lat' dir='ltr'><strong>intervallum</strong></span> <span class='ocrx_word' id='word_1_139' title='bbox 618 2103 718 2165; x_wconf 85' lang='lat' dir='ltr'><strong>jam</strong></span> <span class='ocrx_word' id='word_1_140' title='bbox 745 2103 832 2146; x_wconf 88' lang='lat' dir='ltr'><strong>hos</strong></span> <span class='ocrx_word' id='word_1_141' title='bbox 860 2100 956 2146; x_wconf 82' lang='lat' dir='ltr'><strong>dies</strong></span> <span class='ocrx_word' id='word_1_142' title='bbox 988 2102 1163 2146; x_wconf 83' lang='lat' dir='ltr'><strong>multos</strong></span> <span class='ocrx_word' id='word_1_143' title='bbox 1190 2100 1294 2147; x_wconf 84' lang='lat' dir='ltr'><strong>fuit.</strong></span> 
     </span>
    </p>
   </div>
   <div class='ocr_carea' id='block_1_5' title="bbox 130 2195 1258 2322">
    <p class='ocr_par' dir='ltr' id='par_1_5' title="bbox 130 2195 1258 2322">
     <span class='ocr_line' id='line_1_28' title="bbox 388 2195 1144 2232; baseline -0.007 0"><span class='ocrx_word' id='word_1_144' title='bbox 388 2195 1144 2232; x_wconf 79' lang='lat' dir='ltr'>PLEUSIDIPPUS.</span> 
     </span>
     <span class='ocr_line' id='line_1_29' title="bbox 130 2256 1258 2322; baseline -0.008 -12"><span class='ocrx_word' id='word_1_145' title='bbox 130 2263 196 2309; x_wconf 90' lang='lat' dir='ltr'><strong>Ut</strong></span> <span class='ocrx_word' id='word_1_146' title='bbox 216 2262 358 2310; x_wconf 83' lang='lat' dir='ltr'><strong>verba</strong></span> <span class='ocrx_word' id='word_1_147' title='bbox 384 2257 652 2322; x_wconf 77' lang='lat' dir='ltr'><strong>praehibes,</strong></span> <span class='ocrx_word' id='word_1_148' title='bbox 682 2275 760 2304; x_wconf 92' lang='lat' dir='ltr'><strong>me</strong></span> <span class='ocrx_word' id='word_1_149' title='bbox 795 2258 976 2318; x_wconf 85' lang='lat' dir='ltr'><strong>periisse</strong></span> <span class='ocrx_word' id='word_1_150' title='bbox 1012 2256 1258 2317; x_wconf 75' lang='lat' dir='ltr'><strong>praedicas·</strong></span> 
     </span>
    </p>
   </div>
   <div class='ocr_carea' id='block_1_6' title="bbox 81 2347 1235 2476">
    <p class='ocr_par' dir='ltr' id='par_1_6' title="bbox 81 2347 1235 2476">
     <span class='ocr_line' id='line_1_30' title="bbox 516 2347 1046 2386; baseline -0.009 0"><span class='ocrx_word' id='word_1_151' title='bbox 516 2355 552 2386; x_wconf 90' lang='lat' dir='ltr'>D</span> <span class='ocrx_word' id='word_1_152' title='bbox 588 2353 623 2386; x_wconf 85' lang='lat' dir='ltr'>A</span> <span class='ocrx_word' id='word_1_153' title='bbox 658 2353 688 2385; x_wconf 83' lang='grc' dir='ltr'>Ε</span> <span class='ocrx_word' id='word_1_154' title='bbox 726 2353 768 2386; x_wconf 89' lang='grc' dir='ltr'><strong>Μ</strong></span> <span class='ocrx_word' id='word_1_155' title='bbox 808 2352 839 2383; x_wconf 92' lang='lat' dir='ltr'>o</span> <span class='ocrx_word' id='word_1_156' title='bbox 877 2350 909 2383; x_wconf 82' lang='grc' dir='ltr'>Ν</span> <span class='ocrx_word' id='word_1_157' title='bbox 944 2351 974 2382; x_wconf 84' lang='lat' dir='ltr'><strong>E</strong></span> <span class='ocrx_word' id='word_1_158' title='bbox 1009 2347 1046 2381; x_wconf 91' lang='lat' dir='ltr'><strong>s.</strong></span> 
     </span>
     <span class='ocr_line' id='line_1_31' title="bbox 81 2408 1235 2476; baseline -0.006 -18"><span class='ocrx_word' id='word_1_159' title='bbox 81 2456 85 2458; x_wconf 73' lang='grc'>,</span> <span class='ocrx_word' id='word_1_160' title='bbox 132 2414 238 2461; x_wconf 84' lang='lat' dir='ltr'><strong>Mea</strong></span> <span class='ocrx_word' id='word_1_161' title='bbox 268 2414 466 2476; x_wconf 86' lang='lat' dir='ltr'><strong>quidem</strong></span> <span class='ocrx_word' id='word_1_162' title='bbox 495 2414 650 2461; x_wconf 86' lang='lat' dir='ltr'><strong>hercle</strong></span> <span class='ocrx_word' id='word_1_163' title='bbox 682 2429 834 2460; x_wconf 87' lang='lat' dir='ltr'><strong>caussa</strong></span> <span class='ocrx_word' id='word_1_164' title='bbox 859 2411 1003 2457; x_wconf 86' lang='lat' dir='ltr'><strong>salvos</strong></span> <span class='ocrx_word' id='word_1_165' title='bbox 1034 2409 1088 2455; x_wconf 83' lang='lat' dir='ltr'><strong>sis</strong></span> <span class='ocrx_word' id='word_1_166' title='bbox 1116 2408 1235 2453; x_wconf 77' lang='lat' dir='ltr'><strong>liCet.</strong></span> 
     </span>
    </p>
   </div>
   <div class='ocr_carea' id='block_1_7' title="bbox 1068 2480 1178 2549">
    <p class='ocr_par' dir='ltr' id='par_1_7' title="bbox 1068 2480 1178 2549">
     <span class='ocr_line' id='line_1_32' title="bbox 1068 2480 1178 2549; baseline -0.009 -20"><span class='ocrx_word' id='word_1_167' title='bbox 1068 2480 1178 2549; x_wconf 62' lang='lat'><strong>§22</strong></span> 
     </span>
    </p>
   </div>
  </div>
 </body>
</html>
