1598 2814
193 174 286 236 578
418 155 1221 223 TRUQULEN‘rus.
1343 122 1487 216 ως

193 283 255 329 Et
283 277 379 335 tibi,
400 288 603 321 uxorem
634 267 908 315 ducendam
932 267 1033 331 jam
1066 281 1185 311 esse:
1229 262 1343 310 alibi
1369 263 1470 326 jam

445 362 659 394 ammum
683 354 827 388 tuum
848 360 857 385 :
1458 339 1463 344 ·

194 430 259 475 Ut
279 443 358 473 me
374 421 506 485 quasi
522 436 612 482 pro
631 416 854 463 derelicta
870 412 925 459 sis
943 411 1202 458 habiturus.
1219 409 1300 456 sed
1317 421 1479 456 tamen
1522 434 1541 454 0

196 499 414 564 Cogitato
431 528 445 551 ,
475 507 580 538 mus
604 487 800 550 pusillus
820 500 966 546 quam
992 482 1049 528 sit
1073 481 1251 543 sapiens
1269 481 1442 537 bestia,

195 574 413 620 Aetatem
427 565 513 628 qui
529 563 616 609 uni
633 560 778 608 cubili
791 572 1063 618 numquam
1079 553 1323 601 conmittit
1337 569 1480 601 suam.

196 646 350 717 Quia,
379 642 414 688 si
445 654 601 685 unum
627 635 802 682 ostium
835 631 1130 687 obsideatur,
1161 627 1291 674 aliud
1316 624 1479 689 perfu-

456 726 589 776 gium
611 717 741 773 gent.

556 813 592 846 D
628 810 651 842 1
685 810 719 843 N
754 808 790 841 A
827 808 861 841 R
895 807 922 839 c
959 804 995 838 Η
1030 804 1066 838 U
1102 801 1142 837 s.

202 900 375 948 Otium
406 893 493 942 ubi
525 890 640 946 erit,
670 887 730 934 de
764 886 858 933 istis
883 884 1025 932 rebus
1054 894 1164 930 tum
1187 877 1386 941 amplius
1414 887 1484 923 te-

454 982 569 1013 cum
594 964 780 1023 loquar.

200 1050 344 1095 Nunc
371 1056 579 1107 puerum
603 1035 765 1083 redde.

528 1142 556 1174 P
593 1141 628 1173 Η
664 1141 697 1173 R
737 1137 769 1170 o
810 1136 845 1170 N
882 1135 912 1168 Ε
948 1132 972 1166 s
1008 1133 1030 1165 1
1066 1131 1104 1165 U
1137 1131 1198 1164 M.

446 1217 606 1261 Immo
625 1246 638 1269 ‚
659 1211 829 1256 amabo
843 1243 857 1266 ‚
877 1219 933 1254 ut
950 1208 1033 1252 hos
1054 1205 1152 1251 dies
1171 1203 1353 1265 aliquos
1372 1202 1486 1248 sinas

204 1297 331 1344 Eum
349 1304 440 1337 esse
459 1285 590 1348 apud
607 1299 701 1329 me.

562 1389 598 1421 D
634 1385 654 1418 1
690 1383 723 1416 N
760 1371 795 1414 A
832 1381 866 1414 R
881 1372 883 1374 ’
901 1380 929 1412 c
965 1378 1000 1412 Η
1037 1377 1072 1410 u
1110 1375 1149 1411 s.

561 1452 796 1503 Minume.
839 1509 864 1536 ο

532 1546 1198 1592 PHRONESIUM.

688 1616 1036 1680 Jam,amabo.

566 1729 603 1762 D
642 1726 664 1759 1
699 1724 734 1758 N
772 1722 805 1754 A
843 1721 877 1754 R
915 1719 941 1751 c
981 1717 1017 1750 Η
1052 1714 1088 1749 U
1124 1714 1160 1749 s.

875 1786 1012 1858 Quid
1033 1801 1132 1847 opu
1147 1782 1236 1830 ’sti'

533 1902 562 1936 P
600 1901 634 1936 H
673 1901 706 1934 R
746 1896 779 1930 Ο
814 1895 851 1928 N
885 1893 915 1926 E
955 1892 978 1926 S
1016 1890 1038 1923 1
1075 1888 1111 1921 U
1146 1886 1204 1920 M.

1156 1956 1197 2003 E
1219 1971 1268 2001 re
1290 1967 1396 2000 mea
1417 1961 1496 1997 est.

213 2052 454 2102 Triduum
474 2049 568 2093 hoc
585 2044 776 2097 saltem,
801 2037 920 2083 dum
950 2034 1115 2094 aliquo
1140 2030 1275 2077 Miles
1298 2027 1497 2095 circum-

468 2120 675 2167 ducitur.

215 2202 274 2247 In
300 2216 403 2245 eam
426 2212 525 2241 rem
541 2228 554 2250 ‚
581 2192 617 2238 si
644 2186 766 2251 quid
790 2182 978 2233 habebo
996 2214 1010 2238 ‚
1029 2177 1121 2225 tibi
1144 2177 1339 2237 quoque
1356 2167 1497 2214 etiam

467 2263 695 2330 proderit.

217 2346 265 2392 Si
283 2344 459 2392 auferes
478 2353 709 2401 puerum,
728 2350 754 2378 a
771 2330 924 2379 Milite
947 2324 1101 2375 omnis
1123 2332 1228 2368 tum
1262 2313 1381 2363 mihi
1399 2326 1500 2373 spes
1566 2319 1570 2342 ’-

472 2411 680 2458 animam
703 2401 932 2452 efflaverit.

998 2472 1020 2495 Ο
