1598 2814
246 141 339 201 554
474 138 1276 190 TRUCULENTUS.
1431 162 1527 205 v.5

244 250 346 313 Ego
370 247 560 293 interim
580 245 656 290 hic
674 245 878 291 restitrix
893 245 963 292 his
985 246 1262 308 praesidebo
1274 283 1288 307 ‚
1306 248 1391 294 iste
1412 247 1532 295 dum

497 322 562 368 sic
584 321 721 367 faciat
1269 318 1276 327 ’

247 396 469 443 Domum
498 394 559 440 ad
599 405 647 440 te
684 410 974 458 exagogamz
1008 411 1098 442 nec
1133 411 1429 458 quemquam
1460 398 1534 444 in-

497 467 638 513 terim
672 468 790 514 istoc
821 467 883 512 ad
905 484 1016 527 vos,

250 542 352 613 Qui
378 542 435 588 sit
463 541 604 598 odio,
636 536 980 587 intromittam:
1018 554 1073 588 tu
1101 559 1275 608 perge,
1299 554 1357 591 ut
1382 545 1531 592 lubet.

502 614 652 660 ludin'
674 613 819 659 istos?

601 708 638 740 D
675 707 697 738 1
732 707 767 739 N
802 707 836 740 A
873 709 907 741 R
942 709 970 741 c
1007 708 1042 741 Η
1077 709 1114 742 U
1150 709 1188 744 s.

246 777 348 847 Qui
369 787 437 824 est
459 775 576 822 iste?
602 775 698 839 eja,
716 773 999 837 Astaphium
1012 812 1025 834 ‚
1045 777 1226 825 indica:
1247 778 1334 840 qui
1349 777 1501 840 perit?

601 870 638 906 A
673 871 696 906 S
737 871 768 903 T
803 870 838 904 A
874 871 903 904 P
940 870 975 905 H
1006 871 1029 904 Ι
1065 872 1101 906 U
1136 873 1192 906 M.

1047 931 1234 981 Amabo
1245 969 1260 994 ‚
1277 934 1460 982 hiccine
1478 945 1533 981 tu

242 998 384 1045 Eras?

603 1078 640 1110 D
677 1077 709 1110 1*
734 1079 768 1111 N
804 1077 838 1111 A
874 1077 908 1111 R
942 1077 969 1111 C
1007 1076 1042 1110 H
1076 1076 1113 1110 U
1149 1076 1188 1111 S.

371 1136 662 1182 Molestusne
686 1155 791 1183 sum
807 1137 829 1182 ?

598 1230 631 1262 A
670 1229 692 1262 s
731 1230 762 1261 T
798 1230 833 1262 A
869 1230 898 1262 Ρ
936 1229 971 1262 Η
1006 1229 1027 1262 Ι
1064 1230 1101 1263 U
1137 1229 1193 1262 M.

548 1297 690 1342 Nunc
708 1296 852 1360 magis
874 1314 1020 1358 quam
1037 1297 1181 1344 fuisti.
1201 1314 1317 1344 nam
1339 1298 1426 1344 nisi
1445 1300 1532 1360 qui

243 1368 395 1414 Nobis
423 1386 512 1415 usu
532 1381 625 1426 est,
649 1369 787 1414 nobis
808 1371 1050 1416 molestus.
1076 1370 1192 1428 sed,
1220 1371 1416 1418 obsecro
1433 1405 1448 1430 ,
1473 1371 1532 1417 da

504 1443 573 1488 mi
610 1459 802 1503 operam
819 1477 833 1500 ,
863 1454 918 1488 ut

244 1516 441 1561 Nauem
476 1531 599 1576 quae
626 1516 756 1561 volo.
839 1565 854 1580 ⁸
1271 1577 1273 1579 Ι

600 1609 636 1641 D
673 1609 695 1640 Ι
730 1608 763 1641 Ν
805 1607 838 1641 A
878 1609 910 1641 R
949 1608 976 1640 c
1015 1606 1051 1640 H
1086 1606 1122 1639 U
1158 1605 1197 1640 s.

447 1678 573 1724 Nam
597 1678 720 1739 quid
745 1678 845 1723 est?
864 1694 985 1724 num
1002 1694 1110 1724 mea
1125 1676 1298 1724 refert?

601 1775 1207 1810 ASTAPHIUM.

244 1903 404 1963 Imm,
420 1900 559 1948 bolos
576 1916 696 1962 quos
717 1898 820 1946 dat!
1179 1834 1294 1882 Non
1321 1853 1422 1884 mu·
1450 1836 1533 1884 sed
1596 1883 1598 1907 ³

598 1991 635 2024 D
674 1991 696 2023 1
733 1991 766 2023 N
803 1990 838 2023 A
873 1990 908 2024 R
943 1990 970 2023 c
1008 1991 1044 2024 H
1080 1991 1115 2024 U
1152 1992 1190 2026 s.

694 2060 870 2129 Quid?
890 2071 1071 2107 amator
1088 2077 1241 2108 novus
1261 2061 1492 2124 quispiam
1508 2063 1530 2108 Ρ

601 2155 639 2188 A
674 2154 697 2188 s
735 2154 767 2187 T
803 2155 838 2187 A
877 2155 906 2187 P
947 2156 982 2188 Η
1017 2156 1037 2188 1
1076 2155 1111 2188 U
1149 2156 1203 2188 M.

243 2224 493 2287 Integrum
511 2215 771 2284 etplenum
789 2219 953 2266 adorta
971 2232 1039 2267 est
1054 2221 1335 2268 thesaurum.

593 2324 1184 2360 ,DINARCHUs.

1155 2383 1398 2453 Quisest?
