1598 2814
250 154 345 199 504
551 126 1207 187 TRINUMMUS.
1404 107 1532 207 vae

248 244 408 291 Ferret
436 241 518 290 abs
546 252 594 288 te
610 275 624 300 ,
648 239 784 303 quod
805 241 998 301 darem,
1027 254 1136 292 tuae
1156 257 1320 310 gnatae
1344 245 1522 294 dotem:

503 327 560 364 ut
592 316 716 362 filius
1199 322 1202 327 ’

246 386 385 442 ,Tuus
404 424 419 448 ,
452 388 650 451 quando
674 389 743 434 illi
772 406 798 435 a
821 406 901 436 me
933 389 1098 438 darem
1113 423 1130 449 ‚
1152 390 1244 438 esse
1269 394 1463 442 allatum
1482 393 1536 439 id

501 461 581 507 abs
606 473 652 507 te
679 462 920 522 crederet,

247 532 359 582 Neu
389 533 475 595 qui
504 550 604 578 rem
634 535 783 596 ipsam
814 547 971 596 posset
1002 536 1273 602 intellegere
1292 570 1308 595 ,
1343 548 1392 584 et
1426 539 1533 584 the-

502 621 692 653 saurum
722 618 865 653 tuum

249 678 332 729 Me
351 696 445 726 esse
465 695 610 741 penes
628 714 643 735 ‚
675 689 822 741 atque
853 697 966 728 eum
991 700 1018 729 a
1038 700 1118 730 me
1145 684 1248 748 lege
1274 683 1444 746 populi
1459 698 1543 745 pa-

515 753 660 800 trium
687 766 914 815 posceret.

608 851 635 884 c
672 851 708 884 H
742 851 776 884 A
814 853 847 886 R
884 851 927 885 M
961 852 983 884 1
1018 852 1055 885 D
1091 852 1122 886 E
1160 851 1197 887 s.

249 908 375 959 Scite
416 910 619 974 edepol!

617 999 645 1031 c
683 999 717 1032 A
754 1000 786 1033 L
820 1000 852 1032 1.
887 996 909 1032 1
946 1000 972 1032 c
1009 999 1040 1032 L
1074 999 1104 1031 E
1141 999 1177 1032 s.

452 1065 785 1129 Megaronides
807 1061 1076 1112 communis
1096 1067 1187 1113 hoc
1207 1084 1341 1114 meus
1365 1077 1412 1113 et
1434 1078 1546 1114 tuus

253 1139 552 1187 Benevolens
570 1152 837 1189 conmentu
854 1141 920 1186 'st.

614 1233 640 1264 c
678 1233 712 1265 Η
748 1234 782 1264 A
819 1234 854 1266 R
890 1233 933 1265 M
971 1233 993 1265 1
1027 1234 1064 1265 D
1102 1233 1132 1265 Ε
1173 1231 1212 1265 s.

563 1299 703 1368 Qum
728 1300 967 1346 conlaudo
986 1300 1266 1357 consilium,
1294 1310 1341 1344 et
1365 1299 1536 1361 probo.

611 1392 643 1424 1.
680 1392 715 1424 Y
750 1391 773 1425 s
810 1392 830 1424 1
870 1392 901 1423 T
937 1390 969 1423 E
1004 1391 1036 1423 1.
1072 1390 1103 1423 Ε
1141 1390 1182 1424 s.

251 1463 393 1533 Quid
427 1478 514 1527 ego
549 1462 770 1522 ineptuS‚
806 1461 925 1508 dum
965 1477 1234 1507 sermonem
1268 1475 1435 1508 vereor
1467 1460 1543 1505 in·-

509 1546 835 1594 terrumpere,

253 1606 392 1657 Solus
411 1618 512 1658 st0;
545 1622 666 1664 nec,
697 1606 835 1668 quod
863 1617 1057 1655 conatus
1092 1622 1200 1654 sum
1231 1621 1393 1673 agere,
1421 1604 1545 1670 ago?

509 1682 730 1729 homines
766 1682 1050 1742 conloquar.

613 1776 639 1808 c
677 1776 711 1809 Η
749 1775 782 1808 Α
823 1776 856 1808 R
893 1777 934 1808 M
971 1775 992 1806 1
1029 1776 1064 1807 D
1101 1775 1131 1806 Ε
1168 1774 1204 1808 s.

254 1838 379 1908 Quis
395 1838 473 1887 hic
498 1848 592 1897 est,
617 1837 701 1899 qui
722 1837 815 1883 huc
835 1836 895 1882 ad
914 1852 999 1881 nos
1019 1834 1234 1882 incedit?

614 1931 645 1966 Ι.
677 1932 713 1964 Υ
751 1929 774 1965 s
811 1930 832 1964 1
870 1930 901 1963 Τ
938 1929 968 1962 Ε
1006 1930 1035 1962 L
1073 1929 1102 1961 E
1139 1928 1175 1962 s.

841 1990 1143 2040 Charmidem
1169 2006 1386 2038 socerum
1403 2004 1542 2036 suum

258 2058 483 2122 Lysiteles
510 2059 692 2106 salutat.

617 2154 643 2185 c
681 2151 715 2185 Η
746 2150 780 2184 Α
819 2153 853 2186 R
891 2153 933 2186 M
970 2152 992 2184 1
1028 2152 1064 2184 D
1098 2151 1129 2184 Ε
1167 2149 1206 2184 s.

566 2218 662 2266 -Dii
689 2219 804 2267 dent
832 2221 951 2279 tibi,
979 2221 1235 2284 Lysiteles,
1265 2232 1388 2279 quae
1409 2216 1538 2263 velis.

613 2314 642 2347 C
676 2314 711 2348 A
747 2315 776 2348 L
812 2315 843 2348 L
879 2315 900 2348 1
937 2314 964 2347 C
999 2315 1030 2348 L
1066 2315 1098 2348 E
1134 2312 1171 2347 S.

258 2377 372 2425 Non
405 2397 493 2445 ego
519 2397 625 2428 sum
651 2381 808 2428 salutis
836 2379 1039 2445 dignus?
