1690 2872
314 165 408 234 480
618 161 1276 210 TRINUMMUS.
1466 173 1597 225 {52

637 280 660 313 s
699 281 733 313 Y
772 281 798 312 c
839 280 870 313 o
906 280 935 312 P
971 280 1006 312 Η
1041 281 1076 314 Α
1107 281 1141 314 N
1177 281 1210 315 Τ
1245 281 1297 315 A.

312 345 383 391 Ita
405 354 461 390 ut
483 341 678 403 occepi,
707 341 745 387 si
769 343 988 388 animum
1007 341 1226 388 advortas
1240 377 1254 400 ,
1280 342 1449 390 dicam.

667 427 693 459 c
732 426 767 459 Η
802 427 836 460 A
874 428 909 461 R
945 428 989 461 M
1023 428 1045 460 1
1082 429 1118 461 D
1153 427 1185 460 Β
1225 427 1281 461 s.⁴

1119 484 1260 534 Dabo
1281 503 1473 549 operam
1491 488 1595 536 tibi.

374 618 377 622 ἦ
637 572 660 606 s
698 572 732 604 Y
768 572 795 604 c
835 571 867 605 o
907 572 935 604 P
975 572 1010 605 Η
1047 572 1081 605 A
1120 573 1154 605 N
1191 572 1222 606 Τ
1258 571 1307 606 A.

315 633 451 680 Hanc
484 648 563 678 me
594 632 729 696 jussit
757 631 1024 678 Lesbonico
1057 648 1144 678 suo
1176 642 1326 696 gnato
1361 631 1469 678 dare
1496 632 1596 694 epi-

566 705 732 749 stolam
752 737 767 761 ‚

313 781 374 828 Et
388 780 503 826 item
515 778 635 824 hanc
650 779 843 824 alteram
859 794 944 823 suo
962 778 1113 824 amico
1127 776 1306 826 Callicli
1314 774 1452 843 jussit
1469 777 1596 824 dare.

669 864 695 896 c
734 864 767 896 Η
804 864 838 897 A
874 865 907 897 R
943 865 985 897 M
1022 864 1042 896 1
1079 865 1115 897 D
1155 863 1192 897 Ε,
1224 864 1260 898 s.

313 924 434 971 Mihi
468 940 668 985 quoque
700 922 901 984 edepol,
930 940 1083 984 quom
1108 924 1185 972 llic
1205 935 1443 990 nugatur,
1473 936 1594 981 con,-

564 1007 634 1042 tra
666 997 834 1059 nugari
861 997 1010 1042 lubet.

316 1069 413 1115 Ubi
442 1068 701 1139 ipse.erat?

641 1153 663 1187 S
701 1152 737 1185 Y
775 1153 802 1185 C
845 1150 876 1185 Ο
915 1153 943 1186 P
982 1153 1018 1185 Η
1052 1152 1087 1187 A
1120 1151 1156 1186 N
1191 1153 1224 1186 Τ
1258 1151 1305 1186 A.

571 1214 700 1260 Bene
725 1228 825 1256 rem
850 1213 1052 1275 gerebat.

665 1297 693 1329 c
728 1297 763 1330 Η
797 1297 833 1329 Α
869 1297 903 1330 R
939 1297 982 1329 M
1017 1298 1039 1330 1
1079 1298 1115 1330 D
1154 1297 1185 1330 Ε
1224 1295 1260 1330 s.

1020 1357 1145 1420 Ergo
1172 1356 1295 1402 ubi?

636 1445 659 1477 s
696 1445 731 1478 Y
767 1444 794 1477 c
833 1444 865 1478 o
902 1443 930 1476 P
969 1443 1004 1476 Η
1040 1444 1075 1476 A
1110 1445 1143 1477 N
1181 1431 1215 1476 ‘1‘
1247 1441 1296 1476 A.

1289 1502 1348 1549 In
1373 1501 1595 1551 Seleucia.

670 1582 697 1614 c
733 1581 768 1614 Η
803 1581 838 1614 Α
873 1582 906 1614 R
942 1579 986 1613 M
1019 1581 1042 1614 1
1077 1581 1113 1613 D
1152 1578 1183 1612 Ε
1221 1579 1261 1613 s.

316 1645 391 1692 Ab
408 1643 556 1707 ipson'
576 1643 679 1690 istas
701 1641 953 1703 accepisti?

639 1733 1296 1771 sYeo·PHA·NTA.

640 1798 679 1843 E
698 1796 918 1842 manibus
937 1795 1071 1841 dedit
1088 1795 1207 1840 mihi
1228 1795 1327 1856 ipse
1343 1795 1395 1841 in
1414 1799 1596 1856 manus}

671 1892 697 1923 c
737 1889 771 1922 Η
808 1889 843 1922 Α
879 1889 913 1922 R
948 1888 991 1921 M
1026 1888 1048 1921 1
1083 1887 1120 1920 D
1156 1888 1186 1921 Ε
1223 1886 1261 1920 s.

316 1955 427 2023 Qua
448 1951 563 1998 facie
584 1961 652 1997 est
668 1949 854 1995 homo?

639 2035 661 2068 s
697 2033 731 2067 Y
768 2035 794 2066 c
833 2034 865 2067 o
902 2034 930 2067 P
967 2033 1001 2066 Η
1041 2031 1075 2066 A
1112 2033 1147 2066 N
1186 2031 1219 2065 Τ
1253 2029 1303 2064 A.
1511 2078 1514 2079 ⁷

534 2094 827 2156 Sesquipede
848 2093 1044 2155 quidem
1065 2104 1132 2139 est
1150 2093 1295 2154 quam
1320 2101 1378 2157 tu
1390 2088 1591 2152 longior.'
1615 2123 1617 2125 -

672 2185 699 2219 c
740 2188 775 2220 Η
811 2187 846 2220 Α
881 2188 914 2221 R
951 2187 992 2218 M
1028 2187 1048 2218 1
1085 2187 1122 2219 D
1156 2186 1186 2218 Ε
1225 2186 1264 2219 s.
1453 2181 1459 2186 '

315 2251 489 2297 Haeret
505 2250 620 2294 haec
639 2264 730 2293 res:
753 2248 990 2308 siquidem
1009 2263 1096 2312 ego
1119 2247 1278 2294 absens
1296 2259 1422 2300 sum,
1440 2257 1588 2303 quam

569 2337 806 2384 praesens,
834 2321 1035 2386 longior.

317 2396 546 2443 Novistin’
567 2395 814 2442 hominem
830 2394 852 2439 Ρ
