1598 2814
192 184 287 232 494
488 145 1202 224 TRINUMMUSQ
1344 197 1477 243 v.3o

547 290 574 321 C
611 290 646 322 H
681 288 717 322 A
753 291 787 324 R
822 291 865 325 M
902 291 923 324 I
958 293 995 326 D
1031 292 1062 326 E
1099 293 1138 327 S.

1006 351 1231 414 Nequam
1258 355 1472 417 quidem.

576 436 598 469 S
639 438 670 469 T
705 437 741 470 A
777 437 800 472 S
839 438 861 471 I
898 438 942 471 M
979 438 1015 471 U
1053 438 1092 472 S.

183 499 339 547 Mores
353 499 475 563 leges
489 497 821 560 perduxerunt
831 499 933 562 jam
947 499 999 544 in
1016 510 1302 561 potestatem
1321 519 1468 561 suam,

184 573 330 637 Magis
350 572 454 633 quis
473 582 584 617 sunt
604 571 859 617 obnoxiosi
874 607 887 629 ‚
905 589 1050 632 quam
1069 586 1285 634 parentes
1302 575 1486 622 liberi&

183 647 285 694 Eae·
298 646 492 691 miserae
522 644 664 691 etiam
692 645 754 690 ad
783 645 1016 707 parietem
1041 658 1152 693 sunt
1185 647 1307 694 fixae
1337 647 1475 696 clavis

437 718 592 764 setteis
611 753 624 775 ,
1009 777 1011 780 .

182 791 279 838 Ubi
309 792 454 837 malos
486 784 644 837 mores',
676 791 796 855 affigi
822 791 974 839 nimio
1008 792 1159 840 fuerat
1192 795 1402 856 aequius.

540 888 567 919 C
605 887 640 920 H
683 887 718 919 A
753 887 786 920 R
822 887 865 919 M
900 888 922 920 1
958 889 995 922 D
1029 888 1059 921 E
1096 888 1134 922 S.

183 950 346 996 Lubet
363 948 490 994 adire
508 958 655 1008 atque
673 949 910 1008 appellare
931 949 1082 995 hunc:
1103 966 1274 997 verum
1293 951 1475 997 auscul-

426 1031 477 1066 to
508 1020 777 1081 perlubens.

182 1091 244 1137 Et
268 1102 463 1148 metuo,
496 1093 531 1136 si
550 1092 862 1153 conpellabo,
891 1109 953 1138 ne
979 1094 1118 1141 aliam
1143 1111 1247 1141 rem
1268 1094 1472 1156 occipiat

441 1163 594 1224 loqui.

568 1248 590 1281 s
628 1248 658 1280 T
698 1247 731 1280 A
772 1247 794 1280 s
830 1249 851 1280 1
887 1248 930 1280 Μ
969 1247 1004 1280 U
1042 1248 1078 1282 s.
1274 1285 1279 1290 ,

180 1308 353 1370 Neque
371 1309 463 1354 istis
481 1309 751 1370 quidquam
768 1309 872 1372 lege
896 1319 1111 1355 sanctum
1126 1309 1194 1355 ’st.
1222 1310 1346 1374 leges
1363 1326 1472 1367 mos

438 1399 477 1427 n
503 1392 724 1427 servunt.

177 1455 336 1502 Mores
353 1466 514 1500 autem
532 1470 694 1515 rapere
709 1465 991 1516 properant,
1021 1471 1117 1516 qua
1134 1471 1316 1508 sactum
1333 1489 1348 1514 ,
1376 1472 1472 1518 qua

430 1528 701 1591 publicum.

538 1615 564 1647 c
603 1614 637 1646 Η
674 1614 708 1646 Α
745 1615 778 1647 R
815 1615 858 1647 M
887 1615 908 1647 1
944 1615 980 1647 D
1018 1615 1048 1648 Ε
1087 1615 1125 1648 s.

179 1677 351 1723 Hercle
387 1677 480 1722 istis
524 1677 696 1722 malam
740 1692 844 1720 rem
884 1692 1106 1739 magnam
1147 1675 1363 1723 moribus
1398 1674 1471 1723 di-

384 1776 387 1777 ν
433 1765 586 1814 gnum
611 1750 664 1795 'st
688 1749 810 1794 dari!

571 1842 593 1876 s
630 1843 661 1875 T
696 1843 731 1875 A
767 1841 789 1875 s
826 1844 848 1876 1
884 1842 927 1875 M
964 1843 1000 1875 U
1037 1843 1075 1876 s.

179 1902 358 1951 Nonne
381 1903 472 1950 hoc
494 1903 689 1965 publice
708 1903 923 1950 animum
939 1904 1125 1950 advorti
1139 1904 1161 1949 ?
1182 1919 1296 1950 nam
1319 1902 1472 1969 id‘gea
1511 1926 1515 1928 ·

438 1994 527 2023 nus
558 1978 816 2024 hominum
848 1979 1071 2026 omnibus

182 2047 414 2095 Universis
435 2061 503 2095 est
524 2050 804 2107 advorsum,
833 2062 978 2112 atque
1004 2052 1139 2098 omni
1160 2053 1344 2115 populo
1362 2068 1466 2098 ma·-

442 2122 486 2166 le
520 2120 652 2166 facit:

181 2194 306 2239 Male
324 2194 731 2310 fidenglgervando,
752 2196 838 2242 illis
857 2214 1058 2260 quoque
1075 2200 1302 2263 abrogant
1321 2199 1465 2245 etiam

512 2282 611 2323 em,
679 2308 683 2310 .

184 2335 285 2402 Qui
318 2337 438 2382 nihil
466 2339 643 2384 meriti:
678 2340 859 2401 quippe
887 2357 948 2386 ex
979 2357 1148 2387 eorum
1172 2340 1360 2405 ingenio
1385 2341 1463 2387 in·-

437 2411 631 2479 genfflm
658 2413 834 2458 horum
862 2413 1076 2474 probant.
