1630 2866
196 132 290 227 §33
473 164 1155 217 PROLOGUS
1356 189 1491 234 ψη

193 276 257 323 Et
287 292 479 337 operam
510 285 558 319 et
586 284 802 319 sumtum
830 274 1064 335 perdunt:
1095 278 1147 324 id
1166 296 1222 325 eo
1244 280 1322 337 fit,
1347 282 1459 342 quia

193 350 326 396 Nihil
353 349 395 394 ei
424 357 673 408 acceptum
694 347 748 393 'st
770 363 796 391 a
830 348 1029 412 perjuris
1057 352 1273 414 supplici.

193 424 390 471 Facilius
407 459 419 479 ‚
459 423 495 467 si
522 422 607 482 qui
641 422 747 483 pius
775 433 872 480 est,
910 440 936 468 a
964 423 1066 470 Diis
1095 427 1359 488 supplicans
1376 463 1392 486 ,

195 502 357 570 Quam
383 499 468 559 qui
490 499 684 544 scelestu
703 499 785 555 ’st‚
821 498 1033 545 inveniet
1054 500 1243 547 veniam
1269 503 1373 550 sibi.

134 608 136 610 ψ
194 574 379 620 Idcirco
405 588 584 618 moneo
610 589 694 618 vos
723 589 810 635 ego
838 572 978 631 haee,
1008 574 1093 635 qui
1121 575 1223 620 estis
1251 577 1399 635 boni,

195 648 397 715 Quique
426 657 630 692 aetatem
655 646 784 709 agitis
804 662 915 692 cum
946 647 1123 708 pietate
1151 659 1198 693 et
1224 664 1337 695 cum
1363 649 1488 710 fide,

193 721 414 768 Retinete
445 736 620 781 porro;
649 731 757 781 post
787 719 970 766 factum
1001 732 1058 767 ut
1088 722 1344 769 laetemini.

192 795 351 851 Nunc,
371 795 468 840 huc
486 811 581 854 qua
596 810 750 839 caussa
765 795 898 852 veni,
912 806 1246 858 argumentum
1265 797 1476 857 eloquar.

258 868 598 915 Primumdum
615 868 728 914 huic
749 885 842 914 esse
860 885 1051 939 nomen
1066 869 1176 915 urbi
1194 868 1421 932 Diphilus

195 944 399 1007 Cyrenas
424 944 592 990 voluit.
621 943 716 989 illic
738 944 920 990 habitat
938 944 1208 991 Daemones

192 1019 253 1064 In
283 1035 390 1082 agro
419 1029 564 1078 atque
593 1018 704 1062 villa
736 1034 972 1078 proxuma
1000 1029 1198 1079 propter
1228 1037 1385 1078 mare,

194 1091 377 1149 Senex,
409 1093 494 1152 qui
513 1092 610 1136 huc
627 1091 823 1136 Athenis
843 1093 975 1137 exsul
992 1092 1149 1148 venit,
1167 1093 1299 1138 haud
1320 1095 1486 1141 malus.

193 1169 369 1227 Neque
392 1166 426 1209 is
447 1164 564 1209 adeo
583 1174 779 1225 propter
797 1163 1025 1208 malitiam
1044 1164 1194 1225 patria
1214 1176 1366 1210 caret:

197 1241 320 1297 Sed,
351 1238 471 1282 dum
491 1236 601 1281 alios
627 1246 799 1291 servat,
827 1252 874 1281 se
901 1236 1136 1297 inpedivit
1164 1237 1385 1284 interim:

192 1317 317 1363 Rem
344 1314 470 1359 bene
500 1321 710 1373 paratam
741 1310 964 1356 comitate
989 1311 1218 1372 perdidit.

193 1390 323 1436 Huic
351 1388 495 1432 filiola
520 1386 652 1449 virgo
683 1386 825 1446 periit
852 1387 1044 1446 parvola
1062 1419 1077 1443 ‚

193 1464 314 1510 Eam
345 1461 404 1507 de
437 1459 680 1521 praedone
712 1458 783 1505 vir
804 1469 1041 1504 mercatur
1062 1474 1336 1519 pessumus,

193 1538 239 1583 Is
268 1553 372 1581 eam
400 1534 494 1579 huc
525 1533 733 1595 Cyrenas
764 1534 877 1578 leno
903 1532 1096 1578 advexit
1122 1533 1370 1596 virginem.

193 1609 486 1656 Adulescens
518 1606 718 1667 quidam
750 1605 860 1651 civis
882 1605 1022 1669 hujus
1051 1605 1236 1652 Atticus

192 1683 313 1729 Eam
336 1680 460 1727 vidit
479 1680 544 1725 ire
564 1696 589 1724 e
608 1680 727 1724 ludo
746 1678 957 1724 fidicinio
981 1678 1194 1723 domum.

192 1755 368 1802 Amare
402 1753 615 1814 occepit:
656 1752 717 1797 ad
751 1753 979 1798 lenonem
1008 1750 1235 1808 devenit,

191 1827 334 1873 Minis
365 1827 553 1890 triginta
579 1824 667 1869 sibi
692 1825 903 1885 puellam
935 1823 1164 1879 destinat,

129 1896 132 1898 i
191 1901 389 1961 Datque
415 1897 757 1952 arrhabonem,
789 1908 836 1941 et
857 1894 1166 1960 jurejurando
1197 1892 1367 1956 alligat.

190 1975 235 2020 Is
257 1975 369 2018 leno
386 2006 399 2029 ,
425 1981 479 2017 ut
498 1987 545 2016 se
564 1986 775 2030 aequom
792 1970 847 2014 ’st
859 2003 872 2026 ,
897 1968 1035 2014 flocci
1054 1984 1159 2014 non
1177 1966 1288 2014 fecit
1305 1964 1474 2012 fidem:

189 2047 363 2106 Neque
376 2080 388 2101 ,
413 2044 550 2105 quod
563 2044 745 2108 juratus
763 2043 1054 2089 adulescenti
1071 2043 1266 2088 dixerat.

188 2122 246 2168 Ei
277 2131 374 2166 erat
395 2120 590 2181 hospes,
625 2135 707 2180 par
735 2117 885 2175 illius,
922 2116 1102 2163 Siculus
1119 2151 1135 2174 ‚
1166 2129 1312 2160 senex

190 2196 449 2251 ScelestUS,·
481 2193 813 2257 Agrigentinus
817 2201 868 2249 Τ
879 2192 1007 2238 urbis
1041 2191 1278 2253 proditor:

188 2270 233 2316 Is
261 2269 382 2315 illius
412 2266 602 2312 laudare
635 2265 738 2311 infit
770 2264 975 2310 formam
996 2261 1224 2326 virginis,

190 2343 252 2388 Et
282 2343 476 2387 aliarum
506 2340 675 2385 itidem
695 2375 707 2396 ,
735 2354 857 2399 quae
889 2338 986 2400 ejus
1008 2344 1138 2381 erant
1155 2329 1470 2377 mulierculae.

190 2414 302 2459 Infit
328 2413 493 2459 lenoni
521 2412 717 2459 suadere
734 2445 748 2469 ,
778 2422 834 2456 ut
868 2424 1029 2455 secum
1060 2405 1199 2452 simul

1625 2856 1630 2859 Δ
1616 2462 1630 2790 emar-mmmssshaee
