1630 2866
219 134 311 196 318
644 129 1068 180 RUDENS.
1231 177 1235 180 Δ
1379 139 1508 200 v.38

218 245 327 291 Istic
354 243 406 289 in
430 242 514 288 ista
542 239 706 287 cistula
731 239 894 288 insunt
908 275 924 300 ,
957 259 1080 305 quae
1101 244 1202 292 istic
1221 246 1342 293 inest
1365 247 1415 294 in
1435 249 1510 295 vi-

461 316 615 361 dulo.

218 393 328 439 Hoc
361 406 523 451 neque
557 389 631 435 isti
666 404 775 435 usus
803 399 902 448 est,
935 400 983 436 et
1007 387 1078 435 illi
1105 389 1298 439 miserae
1333 364 1534 457 suippe--⁴

472 463 555 508 tias
587 461 704 508 feret
720 495 735 520 ,
814 469 819 472 “

219 536 269 584 Si
286 536 337 582 id
354 535 544 583 dederit
562 570 577 594 ‚
598 534 683 596 qui
704 550 812 580 suos
830 543 1044 595 parentes
1068 544 1278 595 quaerat.

609 612 648 661 'D
686 627 723 660 A
757 628 789 661 E
825 627 869 661 Μ
907 627 939 660 o
975 627 1008 660 N
1045 627 1076 660 E
1112 627 1152 661 s.
1342 674 1345 675 ⁷

961 687 1148 734 Faciam
1173 699 1229 735 ut
1252 687 1358 736 det:
1390 694 1506 738 tace.

675 773 708 807 G
743 775 777 808 R
812 774 833 807 1
872 775 901 808 P
939 773 975 806 U
1013 773 1052 808 s.

219 837 376 896 Nihil,
404 836 589 895 hercle,
623 851 709 901 ego
731 854 836 883 sum
855 836 927 883 isti
947 836 1154 898 daturus.

579 930 611 962 T
645 931 679 964 R
712 930 748 963 A
784 931 812 963 c
848 931 883 964 Η
919 931 954 964 A
988 931 1019 964 Ι,
1055 932 1075 964 1
1115 931 1163 964 o.

815 994 945 1039 Nihil
976 1005 1125 1055 peto,
1149 993 1237 1039 nisi
1265 988 1512 1052 cistulam,

220 1060 283 1107 Et
312 1055 580 1119 crepundia.
731 1106 733 1111 .

681 1132 714 1166 G
748 1134 782 1167 Β
817 1133 839 1166 1
876 1135 906 1168 P
942 1134 978 1168 U
1012 1134 1050 1169 s.

515 1193 656 1263 Quid
683 1193 719 1238 si
748 1210 802 1239 ea
829 1207 938 1241 sunt
961 1195 1126 1242 aurea?

579 1286 612 1319 T
648 1287 684 1320 Β
719 1286 755 1319 A
792 1287 820 1320 c
855 1287 891 1321 Η
925 1288 961 1321 Α
995 1290 1027 1322 L
1062 1289 1084 1322 1
1122 1289 1168 1322 ο.

978 1346 980 1349 ’
1104 1347 1242 1418 Quid
1269 1347 1370 1394 istic
1398 1347 1512 1394 tua?

222 1423 410 1471 Aurum
427 1437 541 1468 auro
560 1420 862 1480 expendetur
868 1441 881 1473 ;
901 1433 1150 1488 argentum
1165 1433 1359 1490 argento
1375 1438 1508 1470 exae-

479 1493 725 1556 quabitur.
975 1499 978 1507 '

681 1578 713 1611 G
749 1580 784 1614 Β
819 1579 840 1612 1
876 1580 905 1613 P
942 1580 979 1613 U
1017 1579 1056 1614 s.

225 1643 314 1690 Fac
342 1641 397 1688 sis
426 1657 598 1687 aurum
623 1650 680 1686 ut
709 1639 926 1691 videam;
963 1650 1073 1701 post
1110 1655 1198 1705 ego
1224 1638 1422 1696 faciam,
1453 1643 1518 1684 ut'

478 1713 637 1759 videas
666 1712 891 1764 cistulam.

618 1801 654 1833 D
693 1801 727 1832 A
765 1801 795 1832 E
833 1801 876 1834 Μ
913 1800 946 1834 o
983 1801 1018 1835 N
1054 1800 1084 1833 E
1121 1799 1155 1833 s.

228 1863 352 1910 Cave
385 1862 542 1918 malo,
577 1877 628 1906 ac
648 1871 749 1907 tace
775 1861 859 1906 tu!
894 1871 947 1906 tu
971 1877 1144 1924 perge,
1172 1871 1228 1907 ut
1257 1859 1508 1922 occepisti,

487 1933 653 1979 dicere.

585 2019 616 2052 Τ
651 2019 685 2052 Β
720 2018 756 2051 A
796 2019 822 2051 c
859 2016 896 2051 H
930 2016 965 2050 A
1002 2017 1032 2051 Ι,
1067 2017 1088 2050 1
1130 2017 1177 2050 o.

230 2080 394 2127 Unum
413 2091 461 2126 te
481 2081 679 2125 obsecro
692 2114 706 2138 ‚
726 2091 781 2126 ut
798 2090 846 2126 te
868 2079 1007 2143 hujus
1032 2078 1385 2125 conmiserescat
1398 2093 1510 2123 mu-

482 2152 605 2198 lieris
621 2187 634 2209 ‚
1400 2167 1405 2171 ’

232 2226 482 2288 Siquidem
525 2226 599 2270 hic
637 2225 821 2271 lenonis
862 2226 961 2289 ejus
996 2237 1064 2271 est
1098 2223 1318 2279 vidulus·‚
1363 2238 1510 2282 quem

484 2299 704 2361 suspicor.

234 2370 328 2415 Hic
356 2370 442 2416 nisi
476 2371 536 2416 de
567 2371 825 2432 opinione,
859 2381 1041 2416 certum
1075 2366 1192 2413 nihil
1223 2365 1329 2410 dico
1357 2365 1456 2411 tibi.
