1630 2866
226 179 290 241 56
573 173 1151 243 POENULUs.
1382 189 1506 237 ιφ

526 294 1217 332 COLLYBISCUS.

228 350 366 423 Quid
394 349 493 399 ita?

710 427 747 461 ‚L
784 426 819 461 Y
855 427 881 460 C
915 424 953 458 U
989 423 1025 463 S.

533 488 663 558 Quia
696 503 866 532 aurum
897 494 1102 548 poscunt
1135 487 1511 547 praesentarium.

523 579 1231 614 COLLYBISCUS.

236 642 372 711 Quin
399 643 557 688 hercle
596 640 804 704 accipere
830 652 886 689 tu
916 655 1019 686 non
1047 639 1221 699 mavis,
1254 656 1400 702 quam
1430 655 1516 703 ego

491 715 614 761 dare.

730 794 761 831 L
798 794 833 826 Y
869 794 897 826 c
932 793 968 826 U
1006 793 1046 830 s.

235 850 376 920 Quin
403 868 602 917 sequere
630 869 709 898 me
747 852 886 898 intro.

527 942 1234 981 COLLYBISCUS.

524 1002 634 1048 Duc
663 1019 772 1063 ergo
800 1019 878 1048 me
908 1003 1035 1047 intro
1053 1037 1067 1059 ‚
1100 1003 1349 1049 addictum
1377 1013 1519 1050 tenes.

591 1097 626 1129 A
658 1093 698 1128 D
737 1098 773 1131 V
812 1098 845 1130 ο
881 1098 908 1129 c
946 1097 979 1128 A
1016 1097 1047 1129 T
1083 1098 1118 1130 U
1144 1096 1194 1130 «s.

240 1156 378 1223 Quid
405 1158 440 1201 si
471 1173 719 1205 evocemus
749 1158 839 1203 huc
877 1157 996 1203 foras
1030 1153 1437 1220 Agorastoclem,'

238 1227 306 1274 Ut
336 1231 432 1291 ipse
463 1231 587 1276 testis
618 1232 674 1276 sit
703 1232 790 1277 sibi
817 1231 1144 1278 certissumus?

240 1301 375 1352 Heus
402 1305 484 1349 tu!
520 1304 605 1364 qui
638 1303 791 1350 furem
833 1317 987 1366 captas
1007 1339 1020 1361 ,
1055 1303 1275 1367 egTedere
1306 1303 1460 1361 ocius,

243 1374 310 1422 Ut
342 1387 443 1423 tute
477 1377 706 1440 inspectes
733 1395 907 1427 aurum
940 1378 1106 1424 lenoni
1138 1376 1264 1426 dare.

618 1549 989 1597 SCENA
1063 1548 1175 1595 IV.

282 1688 963 1729 AGORASTOCLES,
1033 1687 1483 1726 ADVOCATI,

429 1784 1026 1821 COLLYBISCUS.
1095 1783 1358 1819 LYCUS.

502 1914 1293 1951 AGORASTOCLES.

254 1970 489 2136 ngn
521 2030 618 2075 est?
654 2028 773 2090 quid
803 2029 973 2085 voltis,
1007 2027 1177 2074 testes?

605 2121 640 2157 A
676 2123 711 2155 D
749 2123 784 2158 V
824 2121 855 2154 O
894 2121 920 2157 C
958 2121 992 2154 A
1030 2120 1061 2153 Τ
1098 2120 1132 2152 U
1171 2119 1210 2153 S.

980 2180 1148 2242 Specta
1181 2179 1243 2225 ad
1276 2178 1534 2227 dexteram.

254 2262 390 2313 Tuus
419 2272 572 2307 servos
600 2274 768 2304 aurum
798 2257 880 2319 ipsi
912 2256 1074 2309 lenoni
1111 2256 1252 2301 datat.
1439 2243 1444 2247 ¹

556 2347 1245 2387 COLLYBISCUS.

253 2415 353 2481 Age
369 2452 383 2475 ,
415 2418 573 2478 accipe
596 2417 687 2462 hoc
710 2415 787 2461 sis:
821 2414 897 2461 hic
929 2422 1041 2459 sunt
1064 2407 1297 2457 numerati
1324 2409 1449 2454 aurei
