1630 2866
190 223 282 269 244
611 206 1039 257 RUDENS.
1324 222 1467 272 'v.52

446 370 449 372 -
543 319 566 353 S
604 321 630 354 C
665 321 696 354 E
732 322 760 354 P
797 321 832 354 A
866 323 901 356 R
936 324 971 357 N
1005 324 1027 356 1
1066 324 1116 358 Ο.

184 382 315 427 Heus
343 381 419 427 tu!
455 381 540 441 qui
568 381 672 426 fana
700 383 873 428 ventris
901 399 1053 430 caussa
1085 385 1328 447 circumis²

176 456 356 514 jubere
386 456 534 501 meliu
555 455 609 501 ’st
639 457 896 517 prandium
933 459 1086 504 ornari
1115 459 1272 511 domi3

181 529 388 574 fortasse
418 540 472 574 tu
502 529 596 574 huc
627 542 820 576 vocatus
857 547 902 577 es
937 532 999 576 ad
1033 533 1305 594 prandium.

181 603 293 661 Ille,
332 604 417 664 qui
449 605 661 662 vocavit,
693 606 853 652 nullus
883 606 1031 653 venit.

442 697 1203 735 PLEUSIDIPPUS.

1046 761 1364 810 ·Admodum.

538 842 561 876 s
601 843 628 876 c
667 845 697 878 E
735 846 763 879 P
800 845 835 879 A
872 846 906 879 R
943 848 976 880 Ν
1013 848 1035 880 1
1071 848 1121 882 o.

177 914 382 960 Nullum
403 912 459 958 ’st
483 913 718 974 periclum
746 927 794 963 te
827 916 940 962 hinc
972 917 1038 963 ire
1065 917 1342 980 inpransum
1376 919 1466 967 do-

429 1002 582 1032 mum·

177 1056 397 1106 Cererem
423 1070 472 1104 te
501 1060 669 1105 melius
699 1075 846 1119 quam
871 1061 1114 1109 Venerem
1141 1066 1381 1124 sectarier,

176 1134 352 1180 Amore
385 1133 499 1179 haec
531 1143 687 1189 curat,
723 1133 880 1178 tritico
915 1146 1048 1180 curat
1075 1135 1227 1182 Ceres.

436 1234 1193 1268 PLEUSIDIPPUS.

177 1295 517 1342 Deludificavit
547 1312 627 1341 me
659 1295 739 1340 ille
762 1293 912 1341 homo
940 1295 1144 1360 indignis
1177 1296 1345 1343 modis.

565 1396 602 1428 D
641 1395 677 1427 A
710 1394 741 1427 E
781 1393 823 1426 M
861 1394 893 1427 Ο
931 1394 965 1427 N
1001 1395 1032 1427 E
1068 1393 1107 1427 S.

174 1456 269 1502 Pro
297 1455 380 1500 Dii
413 1455 684 1500 inmortales
702 1488 717 1510 ‚
756 1453 877 1514 quid
907 1453 1019 1499 illuc
1053 1465 1153 1512 est,
1182 1452 1462 1517 Sceparnio,

178 1529 453 1575 Hominum
484 1527 750 1574 secundum
768 1526 920 1572 Utus?

543 1619 566 1653 S
603 1620 630 1653 C
665 1618 696 1651 E
732 1619 761 1652 P
797 1618 833 1651 A
867 1618 901 1652 R
936 1618 970 1652 N
1008 1619 1030 1652 1
1065 1619 1114 1653 0.

946 1678 1011 1725 Ut
1035 1695 1143 1726 mea
1170 1690 1238 1725 est
1269 1679 1460 1742 opinio,

175 1753 378 1814 Propter
407 1752 534 1799 viam
559 1750 629 1796 illi
661 1761 772 1796 sunt
802 1751 955 1797 vocati
978 1751 1039 1797 ad
1073 1751 1345 1813 prandium.

566 1854 603 1886 D
638 1852 674 1885 A
708 1852 738 1885 E
775 1852 818 1885 M
854 1852 886 1886 Ο
923 1852 958 1886 N
992 1852 1024 1885 E
1058 1850 1098 1885 S.

177 1907 310 1977 Qui?

535 1983 558 2018 S
596 1984 623 2016 C
661 1982 691 2014 E
727 1982 755 2014 P
791 1982 826 2015 A
858 1983 891 2016 R
925 1983 959 2016 N
995 1983 1015 2015 I
1054 1983 1103 2016 Ο.

307 2043 438 2112 Quia
461 2054 570 2105 post
602 2058 827 2100 coenam,
849 2042 1020 2100 credo,
1051 2044 1270 2092 laverunt
1299 2043 1426 2103 heri,

177 2115 426 2163 Confracta
449 2116 579 2165 navis
607 2117 659 2162 in
686 2116 804 2161 mari
830 2127 898 2162 est
930 2117 1032 2162 illis.

564 2201 1103 2255 DAEMO'NES.

984 2281 1239 2329 ,Itaest.

530 2375 553 2409 s
593 2376 620 2407 c
659 2375 689 2408 E
725 2375 753 2407 P
793 2374 828 2407 A
862 2375 896 2408 R
928 2374 963 2407 N
998 2373 1020 2406 1
1056 2372 1106 2404 ο.

172 2440 236 2487 At
257 2442 414 2488 hercle
441 2443 580 2489 nobis
599 2443 710 2489 villa
730 2442 782 2486 in
811 2452 933 2486 terra
962 2450 1009 2485 et
1036 2438 1236 2502 tegulae.
