1630 2866
238 154 329 230 382
638 162 1120 214 STICHUS.
1250 169 1254 171 ·
1398 182 1530 230 v,40

628 286 665 318 D
702 285 722 318 1
759 285 792 318 N
831 285 864 317 A
904 286 932 319 c
967 286 989 319 1
1023 287 1059 320 U
1098 287 1151 322 M.

235 350 418 425 Dicam.
442 354 706 409 'postquam
731 363 810 393 me
827 347 992 395 misisti
1015 347 1075 402 ad
1093 361 1292 412 portum
1315 366 1426 397 curn
1451 352 1529 398 lu·-

498 422 541 468 ci
569 422 736 480 simul,

236 495 571 543 Commodum
592 495 798 542 radiosus
822 511 930 542 ecce
953 496 1023 541 sol
1042 495 1288 557 superabat
1309 513 1370 543 ex
1395 499 1526 545 mari.

234 571 371 618 Dum
394 580 652 631 percontor
678 568 963 631 portitoresg
996 583 1173 629 ecquae
1195 569 1321 615 navis
1342 571 1524 616 venerit

235 644 309 689 Ex
327 643 452 688 Asia:
480 653 655 707 negant
678 642 869 689 venisse.
893 643 1185 704 conspicatus
1209 659 1314 688 sum
1336 642 1526 689 interim

237 716 495 762 Cercurum
517 751 531 773 ,
573 731 675 777 quo
715 730 804 780 ego
839 731 918 761 me
957 716 1189 781 majorem
1222 732 1326 763 non
1357 715 1527 763 vidisse

489 809 671 838 censeo.

235 865 291 910 In
318 875 517 926 portum
537 875 684 910 vento
710 862 945 922 secundo,
968 866 1077 911 velo
1100 879 1231 926 passo
1250 864 1483 926 pervenit.

235 938 365 984 Alius
384 938 530 983 alium
550 949 912 999 percontamur:
941 939 1102 1009 Quoja
1131 950 1199 985 est
1217 939 1342 985 navis
1356 939 1378 984 Ρ
1403 936 1525 999 quid

491 1012 656 1057 vehit?

234 1085 430 1144 Interim
448 1085 773 1148 Epignomum
802 1084 1068 1145 conspicio,
1099 1094 1242 1130 tuum
1264 1084 1422 1132 virum
1436 1118 1450 1142 ,
1469 1094 1518 1130 et

487 1174 674 1204 servom
704 1157 935 1204 Stichum.

590 1254 619 1287 P
658 1254 694 1287 A
731 1255 762 1287 N
800 1253 829 1285 E
869 1253 901 1286 G
937 1252 972 1284 Y
1008 1228 1057 1287 R'
1078 1252 1099 1285 1
1137 1250 1173 1286 s.

234 1324 388 1376 Hem!
424 1323 579 1385 quid?
614 1322 942 1386 Epignomum
979 1319 1229 1368 elocutus?

515 1414 525 1426 ·
594 1413 623 1446 G
662 1413 693 1444 E
730 1413 760 1445 1,
798 1412 833 1445 A
869 1410 894 1444 s
930 1411 951 1443 1
988 1410 1032 1443 M
1067 1409 1103 1443 U
1140 1409 1180 1444 s.

705 1479 877 1526 Tuum
897 1479 1056 1526 virum
1070 1512 1083 1535 ,
1105 1488 1154 1524 et
1171 1477 1322 1526 vitam
1351 1493 1522 1526 meam.

622 1574 658 1607 D
695 1573 715 1605 1
751 1573 784 1606 N
823 1572 858 1605 A
896 1573 923 1605 c
960 1572 982 1605 1
1019 1569 1055 1604 U
1089 1572 1147 1605 M.

233 1636 404 1695 Venit,
435 1636 651 1698 inquam.

590 1733 619 1766 P
651 1731 685 1764 A
721 1732 755 1765 N
790 1731 821 1764 E
858 1730 891 1764 G
928 1731 963 1763 Y
998 1731 1032 1763 R
1069 1731 1092 1763 1
1127 1728 1162 1762 S.

587 1800 713 1847 Tun’
740 1816 853 1845 eum
874 1799 1032 1859 ipsum
1052 1795 1248 1844 vidisti?

620 1894 655 1926 D
697 1893 716 1925 1
754 1893 794 1925 N.
823 1891 858 1924 A
894 1891 921 1924 G
958 1891 980 1923 1
1018 1890 1052 1923 U
1089 1891 1143 1923 M.

1116 1950 1188 1996 Ita
1217 1965 1331 2014 ego,
1353 1947 1516 1994 libens.

232 2018 428 2083 Argenti
452 2019 653 2079 aurique
674 2015 869 2063 advexit
891 2016 1117 2061 multum.

585 2113 615 2146 P
650 2112 687 2146 A
720 2112 754 2146 N
789 2111 819 2144 E
858 2111 891 2144 G
925 2109 958 2145 Y
997 2112 1030 2144 R
1065 2110 1085 2142 I
1121 2108 1159 2142 S.

992 2175 1143 2222 Nimis
1169 2172 1348 2220 factum
1374 2164 1511 2216 bene.

595 2268 1172 2305 GELASIMUS.

231 2341 403 2390 Hercle
431 2360 544 2391 vero
573 2343 754 2404 capiam
788 2359 946 2407 scopas
965 2377 979 2401 ,
1017 2350 1161 2401 atque
1186 2337 1276 2383 hoc
1306 2350 1506 2383 conver-

482 2434 582 2464 ram
603 2417 769 2462 libens.
