1630 2866
220 177 311 226 168
506 172 1147 222 PSEUDOLUS.
1332 176 1505 239 v.136

607 288 636 320 c
673 287 708 319 A
744 287 775 322 L
813 287 844 322 L
881 288 902 320 1
936 288 965 321 P
1001 289 1035 323 Η
1071 290 1122 324 ο.

216 351 355 422 Quin
385 366 461 396 rus
485 350 557 396 uti
590 349 742 407 irem,
767 350 868 413 jam
895 349 996 394 heri
1026 350 1372 398 constitueram.

573 443 601 476 P
642 443 663 476 s
700 444 731 476 Ε
770 442 806 475 U
841 444 878 476 D
913 443 945 476 o
986 443 1016 475 L
1049 443 1084 476 U
1120 444 1160 478 s.

218 503 284 550 At
309 519 440 551 nunc
471 503 706 562 disturba,
733 514 848 565 quas
877 503 1102 565 statuisti,
1129 505 1373 552 machinas.

614 598 643 630 c
677 598 713 631 A
748 598 779 630 L
815 599 846 632 L
882 599 902 631 1
939 598 969 631 P
1005 599 1040 631 Η
1077 599 1123 632 o.

218 658 364 706 Nunc
398 675 500 705 non
537 659 664 705 abire
695 671 880 705 certum
898 660 953 704 'st
982 660 1093 706 istac
1120 659 1276 723 gratia.

219 732 415 780 Lubido
451 743 518 778 est
549 733 694 779 ludos
721 744 831 780 tuos
865 744 1102 795 spectare,
1131 732 1381 779 Pseudole.

219 807 283 854 Et
315 807 351 852 si
374 805 503 853 hunc
534 806 712 852 videbo
747 823 847 853 non
882 807 992 852 dare
1020 819 1267 871 argentum
1298 806 1423 864 tibi‚'

223 881 380 951 Quod
401 880 546 926 dixit:
573 882 733 944 potius
752 899 898 943 quam
916 881 967 927 id
985 897 1088 927 non
1106 881 1213 939 fiat,
1231 896 1319 945 ego
1340 880 1498 932 dabo-ss

745 977 771 1011 S
806 978 830 1011 Ι
864 977 908 1011 M
947 977 997 1010 Ο.

224 1029 338 1075 Non
368 1029 643 1075 demutabo.

579 1113 609 1145 P
645 1110 668 1144 S
705 1110 735 1142 E
772 1110 807 1143 U
843 1111 879 1142 D
922 1110 955 1143 O
991 1110 1021 1143 L
1061 1110 1096 1142 U
1134 1111 1171 1145 S.

677 1171 900 1231 Namque
933 1171 1131 1232 edepol,
1161 1171 1196 1216 si
1221 1186 1323 1217 non
1348 1170 1511 1231 dabis,

226 1246 445 1292 Clamore
476 1260 651 1308 magno
683 1254 732 1289 et
761 1244 973 1289 multum
1002 1243 1285 1307 flagitabere.

226 1319 366 1382 Agite
387 1354 400 1375 ,
431 1316 697 1364 amolimini
727 1315 837 1362 hinc
870 1333 954 1363 vos
985 1317 1113 1363 intro
1143 1332 1274 1362 nunc
1309 1317 1432 1376 iam,

227 1391 297 1439 Ac
329 1395 445 1438 meis
476 1390 676 1437 vicissim
704 1389 810 1434 date
842 1390 1005 1434 locum
1032 1388 1232 1435 fallaciis.

743 1482 766 1515 S
802 1482 821 1515 I
861 1481 903 1514 M
940 1482 987 1515 O..

226 1546 330 1594 Fiat
346 1580 361 1604 ,
394 1555 583 1609 geratur
614 1560 719 1589 mos
751 1543 853 1589 tibi.

584 1631 612 1664 P
647 1631 669 1665 S
705 1630 736 1663 E
773 1629 810 1663 U
845 1630 881 1663 D
926 1629 958 1662 O
995 1628 1027 1661 Ι.
1062 1628 1099 1661 U
1136 1628 1174 1662 S.

891 1687 988 1735 Sed
1019 1697 1067 1733 te
1099 1687 1214 1734 volo

227 1755 377 1803 Domi
410 1771 562 1817 usque
591 1753 757 1800 adesse.

740 1838 763 1871 s
801 1839 822 1871 1
857 1838 900 1870 M
937 1838 985 1871 o.

736 1899 874 1966 Quin
900 1898 988 1943 tibi
1010 1897 1132 1942 hanc
1157 1910 1352 1957 operam
1388 1893 1513 1961 dico.

620 1993 647 2025 c
686 1991 721 2025 A
756 1991 786 2023 L
822 1991 852 2024 L
891 1991 912 2023 1
947 1990 975 2023 Ρ
1013 1991 1047 2023 Η
1085 1990 1132 2023 o.

225 2056 291 2105 At
322 2073 408 2122 ego
438 2054 502 2102 ad
528 2054 691 2101 forum
720 2052 827 2100 ibo:
856 2053 958 2116 jam
977 2052 1054 2098 hic
1083 2050 1241 2098 adero.

747 2147 770 2180 s
806 2147 827 2179 1
864 2147 908 2179 M
948 2146 994 2179 o.

1130 2196 1363 2243 Actutum
1389 2192 1509 2240 redi.

582 2288 612 2321 P
649 2286 671 2320 s
706 2286 736 2320 Ε
774 2285 811 2318 U
848 2285 883 2317 D
922 2284 954 2318 o
991 2284 1022 2317 L
1058 2282 1095 2316 U
1131 2281 1167 2315 s.

225 2350 439 2412 Suspicio
466 2361 533 2397 est
564 2349 681 2395 mihi
711 2364 842 2393 nunc
871 2363 953 2392 vos
981 2342 1279 2405 suspicarier‚

223 2422 305 2468 Me
334 2423 511 2469 idcirco
536 2424 651 2468 haec
685 2431 813 2467 tanta
841 2419 1049 2483 facinora
1079 2413 1358 2476 promittere
1374 2445 1390 2470 ,
