1630 2866
189 186 280 235 2226
511 180 1162 259 PS'EUDOLUS.
1382 202 1478 247 v.3

189 298 319 343 Nam
345 294 503 341 hercle
533 292 568 337 si
596 290 838 349 cecidero,
868 303 1087 339 vostrum
1113 293 1202 339 erit
1231 292 1481 359 flagitium.

191 368 412 433 Pergitin’
443 365 672 430 pergere?
701 366 789 422 ah,
823 364 1132 411 saeviendum
1162 366 1281 411 mihi

191 443 355 490 Hodie
386 451 466 486 est.
498 455 728 502 magnum
763 438 855 484 hoc
886 437 1060 484 vitium
1090 438 1209 485 vino
1239 451 1338 497 est,

193 514 343 560 Pedes
372 522 527 573 captat
559 511 786 571 primum.
818 510 1020 555 luctator
1053 510 1223 556 dolosu
1252 511 1320 556 ’st.

194 585 416 633 Profecto
447 583 623 644 edepol
648 598 735 647 ego
764 598 894 627 nunc
923 582 1077 644 probe
1104 582 1225 629 abeo
1251 582 1483 630 madulsa:

193 660 268 706 Ita
290 658 418 703 victu
449 666 670 701 excusato
689 689 703 711 ‚
735 655 800 700 ita
828 655 1082 701 mundiciis
1106 655 1277 719 digne,
1300 655 1383 701 ah!

191 733 367 790 ltaque
398 730 447 774 in
475 730 584 774 loco
613 727 779 774 festivo
809 745 971 775 sumus
999 729 1162 776 festive
1189 729 1383 792 accepti.

189 805 330 876 Quid
361 821 480 865 opus
498 838 511 859 ‚
540 819 620 848 me
642 805 814 849 multas
845 821 981 868 agere
1007 804 1263 869 ambages?
1296 805 1390 850 hoc
1445 798 1452 804 ⁴

195 880 277 925 Est
299 877 514 935 homini,
536 877 854 938 quamobrem
880 879 1030 927 vitam
1055 889 1194 925 amet.
1226 878 1303 925 hic
1324 894 1492 926 omnes

195 954 479 1015 Voluptates
489 971 502 1002 ;
533 952 583 997 in
614 953 703 998 hoc
737 970 903 1000 omnes
933 965 1198 1000 venustates
1229 964 1367 1000 sunt:

198 1027 313 1073 Deis
344 1042 642 1087 proxumum
678 1042 770 1071 esse
812 1027 1028 1074 arbitror.
1063 1043 1176 1073 nam
1208 1027 1298 1073 ubi
1329 1041 1489 1072 amans

459 1099 703 1157 conplexu
727 1099 782 1144 ’st

194 1172 479 1226 Amantem‚
508 1169 594 1215 ubi
630 1171 758 1216 labra
785 1170 848 1217 ad
879 1171 1050 1218 labella
1075 1170 1295 1235 adjungit
1312 1203 1329 1228 ,

194 1249 289 1295 Ubi
325 1249 440 1292 alter
471 1245 674 1301 alterum
714 1246 918 1311 bilingui
949 1246 1199 1293 manifesto

193 1322 324 1374 Inter
353 1335 401 1364 se
426 1317 760 1379 prehendunt:
802 1320 887 1365 ubi
916 1336 1125 1365 mamma
1153 1315 1391 1364 manicula

196 1392 509 1456 Opprimitur
536 1391 649 1442 alia;
683 1403 765 1438 aut
783 1427 796 1450 ‚
825 1393 861 1438 si
892 1393 1056 1450 lubet,
1089 1406 1292 1454 corpora

197 1466 582 1528 Conduplicant:
615 1481 763 1511 manu
792 1466 991 1512 candida
1021 1465 1301 1512 cantharum
1335 1459 1491 1506 dulci-

451 1539 605 1585 ferum

198 1615 453 1678 Propinare
472 1611 815 1659 amicissumam
834 1609 1110 1658 amicitiam:
1130 1607 1380 1672 nequeibi
1398 1622 1492 1653 esse

452 1686 598 1731 alium
624 1683 702 1729 alii

197 1762 358 1819 Odio,
385 1760 454 1806 ibi
481 1775 570 1804 nec
589 1757 872 1812 molestum,
890 1771 979 1801 nec
1005 1752 1300 1800 sermonibus
1323 1767 1491 1797 moro-

450 1832 567 1896 logis
597 1829 698 1875 uti:

199 1908 456 1972 Unguenta
469 1941 482 1963 ‚
512 1916 658 1964 atque
678 1900 848 1946 odores
864 1934 878 1957 ‚
895 1898 1161 1956 lemni8003‚
1180 1898 1374 1944 corollas
1391 1895 1491 1942 dari

458 1977 665 2039 dapsiles.

196 2053 311 2099 Non
338 2052 467 2098 enim
488 2045 774 2111 parcipromi
803 2044 936 2091 victu
969 2055 1125 2089 cetero
1141 2062 1153 2095 ;
1183 2058 1246 2088 ne
1276 2042 1382 2103 quis
1406 2055 1486 2087 me

451 2134 599 2186 roget.

198 2200 308 2247 Hoc
342 2215 429 2263 ego
459 2196 637 2252 modo,
658 2180 818 2254 sistque
850 2191 991 2236 herus
1022 2190 1180 2236 minor
1203 2189 1323 2234 hanc
1355 2185 1485 2232 diem

456 2272 705 2319 sumsimus
731 2266 1022 2329 prothyme,

196 2350 457 2412 Postquam
491 2363 610 2408 opus
639 2359 833 2399 meum,
865 2350 920 2385 ut
947 2339 1109 2394 volui,
1144 2349 1285 2383 omne
1315 2349 1487 2396 perpe-

457 2420 578 2468 travi
595 2453 610 2476 ‚
643 2416 859 2466 hostibus
886 2411 1081 2476 fugatis:

1618 1990 1620 1995 '
1621 1885 1630 1965 μ’*
