1630 2866
230 205 295 266 58
576 204 1152 254 POENULUS.
1380 223 1509 269 v.15

628 328 664 361 A
702 330 737 362 D
774 328 812 361 V
849 327 880 360 o
921 328 950 360 o
986 328 1021 361 A
1058 329 1089 361 Τ
1123 329 1157 362 1.

1204 379 1446 429 Scivimus.

486 460 1276 501 AGORASTOCLES.

229 526 351 575 Rem
387 527 608 574 advorsus
637 527 808 590 populi
838 544 974 588 saepe
1003 527 1161 591 leges?
1232 516 1235 519 ‚

629 621 665 654 A
700 620 736 652 D
779 617 814 653 V
854 619 886 651 O
925 618 951 650 C
986 617 1022 650 A
1059 617 1090 651 T
1125 618 1160 651 1.

1206 676 1450 727 Sciviinus.

486 762 1275 799 AGORASTOCLES.

231 822 387 869 Hem!
420 825 554 870 istaec
574 828 687 873 volo
709 844 818 891 ergo
841 845 926 874 vos
949 827 1310 874 conmeminisse
1329 827 1487 873 omnia
1501 860 1517 884 ,

230 897 350 945 Mox
385 916 538 960 quom
569 902 629 947 ad
651 902 926 949 Praetorem
958 920 1066 948 usus
1090 902 1262 949 veniet.

621 998 656 1029 A
694 998 730 1030 D
768 999 804 1032 V
844 999 876 1030 o
914 1000 941 1030 c
978 998 1012 1030 A
1053 998 1084 1030 T
1119 997 1155 1030 1.

959 1102 977 1123 ο
1147 1055 1515 1103 Meminerimus.

492 1139 1284 1176 AGORASTOCLES.

234 1200 373 1270 Quid
404 1201 439 1246 si
470 1202 647 1248 recenti
673 1219 723 1249 re
749 1202 874 1248 aedis
906 1201 1131 1263 pultem?

587 1290 622 1322 A
658 1291 693 1322 D
735 1291 770 1325 V
810 1291 843 1323 O
880 1291 907 1322 C
943 1289 977 1324 A
1017 1291 1048 1322 T
1085 1288 1121 1322 U
1160 1288 1196 1323 S.

1163 1346 1359 1393 Censeo.

489 1427 1272 1467 AGORASTOCLES.

235 1488 284 1536 Si
316 1494 533 1554 pultem,
564 1512 666 1541 non
698 1495 929 1542 recludet.

589 1581 626 1615 A
660 1582 696 1614 D
734 1581 770 1615 V
812 1580 844 1612 o
885 1580 911 1612 c
949 1579 984 1612 A
1020 1580 1051 1612 Τ
1091 1579 1126 1611 U
1164 1579 1201 1612 s.

966 1639 1143 1685 Panem
1172 1638 1385 1702 frangito.

494 1724 1289 1761 AGORASTOCLES.

239 1780 287 1826 Si
319 1783 481 1829 exierit
510 1786 648 1842 leno,
688 1787 881 1831 censetis
912 1786 1161 1831 hominem
1195 1784 1517 1847 interrogem,

239 1857 376 1903 Meus
407 1874 560 1904 servos
592 1859 628 1903 si
657 1859 717 1903 ad
746 1875 859 1904 eum
885 1859 1097 1915 venerit,
1132 1873 1221 1903 nec
1252 1856 1353 1902 ne?

594 1954 629 1987 A
665 1955 700 1987 D
739 1954 774 1988 V
812 1954 844 1986 Ο
884 1954 910 1986 C
952 1952 985 1984 A
1023 1952 1054 1984 T
1092 1951 1127 1984 U
1164 1952 1204 1986 S.

1249 2002 1530 2074 Quippini?

499 2087 1291 2125 AGORASTOCLES.
1578 2093 1579 2096 ’

248 2151 371 2198 Cum
398 2153 495 2198 auri
525 2153 740 2199 ducentis
770 2151 979 2197 nummis
1008 2147 1267 2210 Philippis?

597 2246 632 2279 A
667 2247 703 2279 D
744 2246 781 2280 V
819 2244 852 2279 Ο
893 2245 920 2277 C
958 2243 995 2276 A
1029 2243 1059 2276 T
1095 2243 1131 2276 U
1169 2240 1206 2275 S.
1422 2251 1427 2255 ’

1227 2326 1229 2330 ,
1254 2287 1491 2358 Quippini
1508 2288 1530 2333 ?

505 2374 1293 2418 AGORASTOCLES.

251 2441 327 2488 Ibi
360 2445 604 2504 extemplo
627 2445 737 2489 leno
766 2441 951 2488 errabit.
