1630 2866
239 188 362 252 m*
560 177 1131 248 POENuLns
1388 206 1567 247 mm·

236 290 554 351 Facerentque
572 291 825 354 indignum
843 307 1013 354 genere
1032 305 1278 353 quaestum
1298 310 1510 358 corpore.

751 376 780 408 P
819 376 852 409 U
889 376 918 408 E
954 377 1002 409 R.

233 444 467 491 Handones
489 445 557 489 illi
585 445 717 490 havon
750 444 846 488 bene
872 446 911 488 si
946 445 1013 489 illi
1034 447 1077 490 in
1107 448 1302 494 mustine.

596 528 627 560 G
665 529 685 561 1
721 529 756 561 D
793 530 828 561 D
864 529 894 561 E
932 530 961 563 N
1002 530 1033 562 E
1067 531 1110 563 M
1147 531 1190 564 E.

230 586 301 633 Me
329 591 410 651 ipsi
436 600 478 633 et
505 601 641 634 eneste
675 589 774 633 dum
804 601 848 633 ετ
878 589 1052 634 alamna
1084 593 1300 637 cestinum.

488 682 1280 718 AGORASTOCLES.

230 742 366 811 Quid
392 742 458 787 illi
490 742 640 787 locuti
668 752 776 787 sunt
807 742 928 787 inter
961 743 1045 788 se?
1073 743 1149 790 dic
1183 744 1319 790 mihi.

651 828 693 860 M
728 827 748 858 1
788 828 817 860 L
850 827 879 859 P
917 827 950 860 Η
986 828 1007 859 1
1045 829 1090 861 o.

231 888 439 934 Matrem
456 889 621 934 salutat
639 888 714 933 hic
731 904 880 944 suam,
894 888 1007 934 haec
1024 901 1185 936 autem
1200 891 1325 938 hunc
1343 879 1510 938 filium.

708 980 744 1012 H
782 981 815 1012 A
853 981 886 1012 Ν
924 983 957 1014 Ν
997 983 1044 1014 o.

228 1038 354 1109 Tace
384 1050 529 1099 atque
561 1056 698 1101 parce
727 1040 951 1086 muliebri
977 1044 1268 1103 supellectili.

484 1132 1281 1169 AGORASTOCLES.

227 1193 366 1263 Quae
403 1208 456 1238 ea
481 1192 534 1238 ’st
570 1193 820 1254 supellex?

713 1279 747 1312 H
781 1279 817 1312 A
851 1280 886 1312 Ν
922 1281 956 1313 N
992 1281 1040 1314 Ο.

823 1339 981 1385 Clarus
1008 1340 1185 1385 clamor
1215 1340 1311 1386 sine
1338 1341 1504 1388 modo.

229 1409 307 1455 Tu
337 1410 493 1456 abduc
524 1412 609 1457 hos
636 1412 798 1468 intro,
836 1422 885 1457 et
917 1428 1013 1456 una
1046 1412 1281 1458 nutricem
1318 1412 1457 1458 simul

225 1481 351 1539 Jube
382 1482 508 1529 abire
538 1483 657 1528 hanc
691 1484 752 1528 ad
781 1494 843 1528 te.

482 1569 1272 1604 AGORASTOCLES.

860 1630 950 1676 Fac
966 1664 980 1687 ,
1011 1629 1147 1691 quod
1177 1629 1390 1692 imperat.

650 1719 692 1751 M
729 1719 748 1750 1
784 1718 814 1750 L
849 1717 877 1749 P
914 1717 947 1749 Η
982 1717 1003 1749 1
1035 1717 1090 1749 ο.

229 1772 324 1820 Sed
352 1775 454 1834 quis
484 1774 581 1819 illas
615 1775 702 1819 tibi
726 1774 1040 1819 monstrabit?

478 1835 1281 1894 AGORASTOCLES'.

1075 1919 1176 1983 EgQ
1209 1917 1506 1965 doctissume·

650 2004 694 2037 M
727 2004 748 2035 1
783 2003 814 2035 L
850 2003 878 2036 P
913 2003 947 2036 Η
983 2003 1003 2035 1
1043 2003 1092 2035 o.

229 2056 544 2120 Abeoigitur.

488 2133 1271 2172 AGORASTOCLES.

424 2199 575 2244 Facias
600 2198 780 2254 modo,
809 2211 954 2256 quam
981 2210 1244 2250 memores,
1269 2190 1500 2251 mavelim.

229 2274 400 2319 Patruo
433 2271 702 2319 advenienti
736 2286 884 2316 coena
915 2280 1105 2322 curetur
1135 2269 1258 2314 volo.

649 2358 692 2391 M
727 2357 748 2390 1
784 2357 815 2389 L
851 2357 880 2405 P
918 2355 951 2387 H
988 2355 1008 2387 1
1045 2355 1092 2387 o.
1129 2365 1135 2372 ν

230 2416 479 2464 Laclzanam
496 2417 597 2464 vos!
626 2433 745 2478 quos
764 2432 850 2480 ego
868 2416 970 2479 jam
988 2412 1234 2460 detrudam
1251 2410 1311 2456 ad
1329 2411 1476 2456 molas
1483 2417 1503 2469 ,'
