1598 2814
198 134 1481 228 ss2'TRucuLENTU3.w½

174 268 296 316 ‘Vos
317 269 480 314 saltem
497 302 510 324 ,
540 268 577 313 si
594 267 715 329 quid
733 269 951 330 quaeritis
970 304 985 328 ‚
1020 281 1067 316 et
1088 271 1246 318 bibitis
1274 282 1321 318 et
1348 288 1482 318 com-

453 352 568 386 estis.

198 414 441 460 Postremo
457 414 524 459 illi
537 425 646 461 sunt
663 415 871 477 inprobi,
883 433 966 464 vos
980 432 1190 478 nequam
1203 428 1250 464 et
1265 419 1482 483 gloriosae

196 488 458 549 Malaeque.

556 566 591 600 A
629 566 650 600 S
688 567 719 601 T
755 567 790 600 A
825 569 852 601 P
890 567 925 601 H
960 568 981 601 1
1019 568 1054 601 U
1093 569 1152 602 M.

397 626 536 695 Quae
554 628 603 673 in
622 643 708 674 nos
725 629 927 690 illosque
941 663 954 685 ,
975 646 1026 675 ea
1051 629 1210 675 omnia
1227 629 1317 677 tibi
1338 629 1450 677 dicis
1465 663 1482 688 ,

876 701 1114 747 Dinarche
1131 735 1146 759 ‚

198 774 261 820 Et
283 785 488 820 nostram
515 785 563 820 et
588 774 782 820 illorum
808 775 977 821 vicem.

555 872 597 905 D
627 871 648 903 Ι
684 872 719 904 N
756 870 790 903 A
827 871 860 903 R
899 871 925 902 C
964 869 999 902 H
1038 867 1073 900 U
1111 868 1146 902 S.

880 931 986 1000 Qui
1018 931 1136 976 istuc
1153 929 1177 975 Ξ)

557 1018 593 1051 A
628 1016 650 1050 s
689 1017 719 1050 T
756 1018 791 1051 A
828 1019 857 1052 P
892 1017 929 1051 Η
962 1005 984 1051 '1
1019 1016 1056 1049 u
1092 1016 1150 1050 M.

1033 1075 1286 1121 Rationem
1309 1074 1483 1120 dicam:

200 1150 330 1221 Quia
356 1149 441 1211 qui
465 1149 666 1195 alterum
688 1149 866 1195 incusat
889 1148 1080 1210 probri,
1111 1164 1226 1195 eum
1251 1148 1408 1210 ipsum
1435 1165 1483 1194 se

453 1224 627 1270 intueri
654 1223 862 1284 oportet.

200 1297 281 1344 Tu
309 1314 336 1343 a
361 1296 530 1353 nobis,
562 1297 766 1358 sapiens,
801 1294 922 1341 nihil
949 1294 1120 1341 habes:
1156 1310 1243 1341 nos
1269 1309 1481 1355 nequam

458 1370 540 1416 abs
566 1380 615 1415 te
650 1370 892 1416 habemus.

558 1456 594 1488 D
633 1455 653 1487 1
690 1456 723 1488 N
762 1454 798 1488 A
833 1456 867 1488 R
902 1454 929 1487 C
968 1452 1003 1486 H
1038 1452 1074 1486 U
1111 1451 1148 1486 S.

200 1520 250 1566 O
277 1517 559 1579 Astaphium
578 1550 592 1573 ,
627 1515 759 1561 haud
802 1514 919 1560 istoc
960 1512 1111 1559 modo
1147 1511 1282 1558 solita
1326 1527 1373 1558 es
1403 1527 1484 1559 me

454 1600 563 1636 ante
594 1589 826 1650 appellare
842 1622 857 1646 ‚
1522 1573 1527 1585 ⁸

201 1662 297 1710 Sed
315 1663 510 1710 blande:
532 1678 686 1723 quom
704 1661 837 1718 illuc,
850 1660 988 1722 quod
1003 1659 1134 1722 apud
1148 1675 1232 1706 vos
1247 1673 1377 1705 nunc
1395 1668 1481 1718 est,

453 1735 586 1797 apud
608 1751 687 1781 me
709 1733 949 1779 haberem.

559 1830 594 1863 A
629 1830 652 1862 S
690 1830 721 1862 T
758 1828 792 1862 A
827 1829 855 1862 P
893 1828 928 1861 H
961 1829 983 1861 1
1019 1827 1054 1861 U
1091 1828 1146 1862 Μ.

199 1890 335 1938 Dum
364 1891 483 1936 vivit
499 1924 512 1947 ‚
533 1888 779 1935 hominem
802 1888 1013 1935 noveris:
1040 1887 1127 1934 ubi
1153 1897 1368 1935 mortuus
1387 1893 1479 1947 est,'
1500 1887 1503 1889 ’

455 1964 674 2025 quiescas.

201 2037 301 2095 Te,
336 2037 458 2083 dum
482 2035 697 2092 viveba8‚
725 2035 965 2082 noveramL

551 2123 587 2156 D
626 2123 647 2156 1
682 2121 716 2154 N
752 2121 787 2154 A
826 2122 860 2154 R
896 2121 923 2154 c
960 2120 995 2153 Η
1030 2119 1065 2152 U
1103 2119 1139 2153 s.

761 2180 838 2226 An
862 2197 942 2226 me
963 2190 1214 2226 mortuum
1230 2177 1445 2224 a1bitrare
1458 2176 1482 2223 ?

558 2267 594 2300 A
630 2266 652 2300 s
690 2266 722 2300 Τ
757 2267 792 2300 A
828 2265 857 2300 Ρ
897 2267 933 2300 Η
969 2267 990 2299 1
1025 2264 1060 2298 U
1097 2266 1152 2299 Μ.

206 2335 307 2404 Qui
322 2337 446 2398 potis
465 2347 533 2382 est
545 2371 558 2394 ,
577 2335 747 2382 amabo
759 2370 776 2396 ,
797 2333 1017 2398 planius?
1043 2332 1127 2395 qui
1144 2330 1339 2378 antehac
1355 2346 1479 2376 ama-

452 2421 532 2455 tor
560 2426 774 2455 summus
