1630 2866
72 123 196 167 '‘271
338 105 633 154 ACTUS
684 105 784 152 1V.
836 103 1067 151 SC.IV.
1257 120 1349 170 321*

524 222 901 257 GRIPUS·

72 294 204 341 Tum
235 294 322 356 pol
361 304 415 339 tu
448 309 536 354 pro
578 292 790 338 oratione
825 307 915 338 nec
952 292 1022 338 vir
1051 306 1140 336 nec
1179 290 1350 337 mulier

325 365 446 411 mihi
478 382 536 411 eS.

424 457 456 489 Τ
491 458 526 491 R
561 456 596 490 A
631 458 659 490 C
694 458 728 491 H
763 457 799 491 A
831 457 863 491 Ι.
901 457 924 490 1
959 457 1005 492 Ο.

77 509 177 578 Qui
210 508 360 555 dum?

529 584 561 616 G
597 586 631 617 R
666 585 685 617 1
721 585 750 618 Ρ
788 584 823 618 U
860 585 901 619 S.

218 653 346 758 Quia
369 652 498 697 enim
514 667 673 712 neque
691 653 893 712 loquens
913 668 984 708 ες,
1010 667 1169 713 neque
1189 662 1346 699 tacens

729 742 962 786 umquam
991 725 1157 771 bonus.

79 797 295 866 Quaem,
317 813 378 844 en
393 813 624 857 umquam
645 797 791 842 hodie
811 797 971 843 licebit
986 797 1102 842 mihi
1119 797 1291 857 loqui?

454 894 986 929 DAEMONES.

986 954 1034 1001 Si
1061 967 1246 1017 praeter
1268 955 1375 1010 hacv

78 1019 239 1067 Unum
254 1018 456 1068 verbum
486 1018 598 1064 fixis
623 1018 768 1064 hodie
783 1052 798 1076 ‚
827 1035 915 1083 ego
933 1020 1020 1066 tibi
1043 1022 1352 1066 conminuam

332 1101 488 1153 caput.

409 1182 460 1214 ·T
497 1182 530 1214 R
565 1181 601 1214 A
638 1181 665 1213 C
703 1180 737 1213 H
776 1182 811 1215 A
846 1182 877 1215 L
912 1182 934 1214 I
970 1182 1018 1215 O·

77 1238 142 1294 Ut
173 1247 227 1294 id
259 1248 420 1308 occepi
451 1247 606 1292 dicere
626 1282 640 1305 ‚
675 1264 847 1306 senex,
884 1261 1017 1307 eam',
1055 1260 1103 1295 te
1145 1266 1350 1311 quaeso,

325 1322 537 1366 cistulam
739 1378 743 1382 .

78 1390 148 1436 Ut.
165 1392 329 1453 jubeas
360 1392 487 1436 hunc
519 1390 718 1435 reddere
753 1392 853 1435 illis.
894 1391 958 1437 ob
994 1407 1128 1449 eam,
1167 1394 1203 1437 si
1230 1394 1352 1454 quid

328 1464 536 1523 postulat

80 1531 180 1578 Sibi
201 1532 456 1588 mercedis,
499 1532 714 1576 dabitur:
746 1532 875 1576 aliud
904 1531 1143 1592 quidquid
1165 1533 1234 1578 ibi
1258 1546 1351 1592 est,

330 1604 500 1650 habeat
531 1605 632 1650 sibi.

532 1696 566 1731 G
601 1698 634 1731 R
666 1697 687 1729 I
725 1696 753 1729 P
791 1695 827 1728 U
862 1696 901 1729 S.

80 1763 222 1809 Nunc
258 1763 453 1810 demum
488 1765 605 1812 istuc
640 1764 751 1810 dicis
769 1800 782 1822 ,
822 1766 1053 1826 quoniam
1075 1767 1152 1831 jus
1186 1786 1350 1816 meum

338 1852 429 1882 esse
454 1837 707 1899 intellegis:

79 1908 283 1955 Dudum
302 1909 549 1956 dimidiam
565 1911 754 1971 petebas
770 1921 964 1970 partem.

434 2009 467 2042 T
502 2009 535 2044 R
571 2011 605 2042 A
644 2010 671 2041 c
709 2009 743 2041 Η
782 2010 815 2041 Α
847 2010 878 2042 L
915 2011 936 2042 1
974 2012 1019 2044 ο.

721 2078 878 2122 Immo
903 2079 1043 2123 etiarn
1072 2095 1201 2126 nunc
1223 2092 1373 2142 petos

533 2168 567 2201 G
604 2169 639 2202 R
672 2168 692 2200 1
731 2169 758 2201 P
801 2169 833 2200 U
870 2169 909 2203 s.

83 2235 197 2283 Vidi
220 2246 380 2298 petere
405 2236 606 2283 miluum
621 2272 635 2295 ‚
668 2237 807 2283 etiam
830 2254 980 2298 quom
1006 2240 1124 2284 nihil
1155 2241 1354 2290 auferret

341 2324 513 2360 tamen.

156 2386 244 2432 Vol.
272 2387 360 2432 111.
966 2455 968 2457 Ι
1086 2387 1134 2432 Χ
