1630 2866
51 200 175 255 miz)
318 181 609 231 ACTUS
660 183 736 228 ΙΙ.
784 180 891 228 SC.
936 182 1077 230 VII.
1241 193 1333 246 275*

51 290 238 342 Eodem
281 293 477 340 amictus
495 327 510 350 ,
552 291 728 338 eodem
774 295 925 338 tectus
967 307 1060 337 esse
1099 292 1262 351 soleo,
1295 293 1332 339 si

305 367 476 430 pluvit.

53 441 135 488 Tu
158 441 294 487 ismec
327 441 446 486 mihi
475 439 615 485 dato:
648 450 915 486 exarescant
938 439 1064 488 faxo.

412 525 440 556 c
477 525 511 557 Η
549 525 584 558 A
620 526 654 559 R
688 525 732 558 Μ
767 526 788 558 1
827 526 862 557 D
898 523 928 558 Ε
966 525 1003 560 s.

791 586 922 631 Eho!
952 603 1012 631 an
1031 596 1079 632 te
1097 587 1340 647 poenitet,

58 661 116 706 In
138 661 251 706 mari
275 658 412 720 quod
431 658 547 703 elavi
560 693 573 714 ,
595 658 646 703 ni
663 658 737 703 hic
755 659 806 704 in
823 671 944 704 terra
962 659 1133 704 iterum
1152 659 1339 706 cluam?

411 752 434 785 s
473 752 500 784 c
541 752 571 784 E
610 752 638 784 P
677 752 713 785 A
749 754 783 786 R
817 753 851 785 N
885 753 904 784 1
942 753 989 786 o.

61 810 201 859 Eluas
222 823 276 872 tu
294 828 352 856 an
376 825 610 875 exungare
624 847 637 868 ‚
664 812 846 858 ciccum
869 828 969 858 non
993 810 1264 857 interduim.

61 885 175 932 Tibi
197 901 285 949 ego
312 900 580 944 numquam
603 883 1118 944 quidquam‘tredam,
1152 883 1239 930 nisi
1265 900 1341 931 ac·-

320 970 460 1019 cepto
486 957 701 1020 pignore.

63 1031 146 1077 Tu
173 1032 252 1078 vel
274 1031 417 1086 suda,
452 1030 530 1075 vel
557 1029 816 1094 peri‘algu:
849 1031 928 1076 vel
956 1041 1011 1076 tu
1036 1041 1244 1094 aegrota,
1266 1030 1345 1076 vel

315 1103 419 1148 vale
441 1121 452 1147 :

65 1175 319 1222 Barbarum
344 1173 581 1235 hospitem
609 1173 725 1219 mihi
753 1173 804 1219 in
828 1173 979 1232 aedis,
1011 1174 1132 1220 nihil
1157 1192 1344 1226 moror:

325 1257 393 1292 sat
419 1245 577 1291 litium
601 1245 670 1290 ’st.

423 1332 450 1363 c
487 1331 522 1363 H
559 1331 591 1363 A
632 1333 665 1364 R
700 1332 742 1364 M
778 1332 797 1363 1
836 1333 871 1365 D
907 1331 937 1363 E
975 1331 1013 1364 s.

5 1437 10 1442 ,
62 1393 230 1451 Jamne
248 1391 377 1438 abis?
404 1392 591 1437 venales
608 1392 701 1435 illic
718 1392 967 1438 ductitavit
981 1427 995 1448 ,
1024 1390 1234 1453 quisquis
1253 1404 1344 1439 est:

69 1465 182 1510 Non
208 1462 284 1510 est'
300 1458 568 1509 misericors.
613 1463 694 1507 sed
725 1464 844 1523 quid
877 1480 964 1526 ego
994 1463 1069 1508 hic
1099 1477 1197 1510 asto
1229 1465 1351 1510 infe-

216 1537 218 1540 ’
329 1538 423 1592 lix,
456 1534 630 1581 uvidus
645 1537 667 1580 Ρ

73 1610 209 1682 Quin
243 1610 362 1656 abeo
388 1609 498 1654 hinc
528 1608 579 1652 in
603 1608 795 1654 Veneris
823 1608 1015 1665 fanum,
1055 1619 1115 1655 ut
1142 1609 1352 1654 ed01mi-

325 1700 448 1729 scam
473 1683 594 1728 hanc
625 1684 864 1744 crapulam
881 1717 895 1739 ,

77 1751 249 1826 Quam*
262 1757 424 1817 potavi
447 1767 629 1817 praeter
654 1757 829 1814 animi,
858 1772 1003 1816 quam
1034 1755 1176 1802 libuit
1196 1791 1211 1814 ‚
1242 1773 1349 1803 sen-

331 1842 543 1875 tentiam.
1013 1857 1021 1876 ι

80 1903 227 1973 Quasi
240 1903 358 1948 vinis
377 1903 559 1948 Graecis
577 1902 826 1963 Neptunus
840 1902 976 1948 nobis
992 1902 1189 1947 suffudit
1203 1919 1349 1947 mare:

77 1978 246 2036 ltaque
273 1976 431 2020 alvom
459 1976 600 2036 prodi
628 1976 828 2036 speravit
851 1975 990 2020 nobis
1016 1975 1135 2019 salsis
1155 1975 1351 2035 poculis.

82 2047 219 2118 Quid
240 2062 339 2109 opu
352 2048 405 2093 'st
422 2047 609 2093 verbis?
630 2048 667 2092 si
683 2049 878 2110 invitare
895 2065 981 2094 nos
998 2048 1231 2109 paulisper
1249 2063 1358 2108 per-

88 2178 90 2181 v
333 2129 461 2183 geret
477 2150 494 2176 ‚

84 2195 276 2241 Ibidem
307 2192 724 2239 obdormissemus:
766 2210 897 2240 nunc
924 2190 1008 2239 vix
1037 2194 1170 2239 vivos
1206 2195 1359 2240 amisit

337 2267 555 2313 domum.

84 2340 227 2387 Nunc
259 2341 487 2386 lenonem
503 2373 516 2394 ‚
547 2335 666 2398 quid
700 2347 804 2401 agat
836 2336 990 2394 imm,
1031 2338 1206 2396 visam,
1243 2355 1360 2386 con-

338 2412 498 2459 vivam
529 2427 703 2457 meum.
948 2402 952 2405 ’

1058 2482 1148 2534 82
