1598 2814
111 192 238 252 v.64
423 184 1094 236 FRAGMENTA.
1293 198 1384 243 597

405 291 1120 343 CARBONARIA.

112 384 183 433 SE
192 397 219 430 c
231 397 265 430 U
275 397 308 431 N
318 397 353 430 D
365 396 399 429 U
412 397 455 430 M
488 384 634 445 ipsam
663 400 792 429 aram
820 399 988 429 aurum
1016 380 1308 427 abscondidi.

111 465 225 512 Esto
263 477 488 527 pernam,
524 479 691 509 sumen
725 464 896 522 suetis,
924 464 1145 526 spectile,
1183 463 1354 508 callum
1374 495 1389 520 ,

364 535 563 601 glandia.

114 617 358 665 Patibulus
384 616 501 664 ferar
523 634 608 679 per
634 617 804 663 urbem
818 652 831 675 ,
858 617 1032 664 deinde
1049 617 1200 681 affigat
1217 614 1356 663 cruci,

570 742 937 789 COLAX.

115 841 198 888 BA
209 854 269 889 ’11
280 855 353 889 01.
366 855 400 888 A
414 856 458 889 Μ
486 858 674 888 auream
709 852 818 887 octo
843 840 1011 908 popdo
1030 841 1250 889 *habebat
1261 877 1275 901 ,
1317 858 1390 888 ac-

367 915 523 976 cipere
556 914 728 960 noluit.

311 1039 1197 1089 CONMORIENTES.

182 1169 344 1193 ·‚-—-
376 1142 617 1191 SALIAM
648 1143 698 1188 in
733 1153 938 1204 puteum
969 1143 1218 1204 praecipes.

426 1269 1089 1318 CONDALIUM.

122 1379 262 1428 TAM
289 1381 563 1440 crepusculo
586 1378 682 1424 fere
700 1412 715 1436 ,
746 1389 803 1423 ut
831 1393 990 1423 amens
1006 1411 1021 1435 ,
1049 1375 1286 1438 lampadas
1313 1390 1391 1442 ac-

368 1450 540 1496 cendit.

344 1577 1187 1631 CORNICULARIA.

126 1691 354 1741 FAciTE
390 1693 520 1738 olant
550 1690 685 1736 aedes
714 1689 926 1736 Arabice.

130 1773 234 1841 Qui
262 1773 360 1836 regi
393 1771 691 1819 latrocinatus
725 1770 893 1816 decem
922 1784 1068 1814 annos
1102 1766 1349 1814 Demefflo

67 1897 71 1899 .
129 1854 364 1900 Mercede.
763 1899 768 1902 ,

130 1935 388 1981 Pulchxum
414 1945 461 1980 et
484 1935 782 1980 luculentum
798 1931 943 1978 hodie
965 1930 1125 1977 evenit
1144 1932 1396 1991 proelium.

132 2014 206 2060 Te
234 2015 451 2070 obsecro,
480 2014 645 2076 Lyde,
676 2014 860 2074 pileum
887 2029 1078 2070 meum,
1110 2011 1178 2057 mi
1209 2013 1399 2068 sodaliS,

382 2100 487 2129 mea
513 2085 760 2130 salubritas,

136 2165 275 2235 Quid
299 2174 522 2211 cessamus
546 2162 685 2209 ludos
712 2163 895 2210 facere?
927 2164 1086 2211 Citcus
1111 2174 1270 2210 noster
1293 2171 1399 2208 ecce

385 2234 525 2280 adest.

137 2314 239 2382 Qui
265 2323 422 2359 amant
451 2312 666 2358 ancillam
690 2329 845 2359 meam
870 2313 1134 2376 Hedylium
1159 2314 1369 2361 oculitus,

136 2390 256 2437 Mihi
286 2392 495 2439 Laverna
520 2392 571 2437 in
601 2389 734 2437 furtis
766 2391 1027 2438 celebrassis
1057 2407 1233 2438 manus.

1031 2465 1180 2529 Pps3
