1630 2866
250 131 344 179 344
683 119 1114 173 RUDENS.
1448 144 1544 180 v.1

592 317 980 366 SCENA
1062 322 1219 369 111.

352 459 772 499 GRIPUS.
840 461 1441 510 DAEMONES.

688 557 1104 595 LABRAX.

716 689 1088 727 GRIPUS.

249 739 585 868 SEQUERE
622 807 723 853 hac.
757 808 846 854 ubi
876 809 977 854 istic
1010 810 1122 856 leno
1161 811 1267 856 est?
1302 811 1419 859 heus
1451 814 1542 870 ω’,

507 880 622 926 hem
646 881 768 938 tibi,
805 881 883 928 hic
918 883 1062 928 habet
1089 883 1327 930 vidulum.

642 975 1185 1011 DAEMONES.

248 1039 419 1086 Habeo
438 1076 451 1098 ‚
480 1052 527 1086 et
551 1042 701 1088 fateor
727 1059 821 1088 esse
848 1044 979 1104 apud
1002 1061 1108 1090 me:
1141 1057 1216 1103 et,
1246 1047 1283 1092 si
1310 1038 1418 1092 tuus
1441 1056 1539 1102 est,

509 1116 678 1164 habeas
709 1118 811 1163 tibi.

248 1188 427 1235 Omnia
445 1225 458 1247 ,
495 1202 551 1236 ut
584 1192 830 1256 quidquid
861 1193 1044 1240 infuere
1065 1228 1079 1253 ,
1116 1195 1182 1243 ita
1218 1196 1341 1243 salva
1373 1195 1538 1242 sisten-

501 1273 580 1308 tur
612 1264 713 1310 tibi.

246 1335 410 1392 Tene,
438 1336 473 1382 si
502 1347 613 1383 tuus
641 1349 721 1385 est.
1114 1393 1118 1394 ⁷

711 1423 743 1456 L
780 1408 878 1456 A'B
914 1424 948 1457 R
983 1423 1018 1456 A
1053 1424 1102 1458 x.

427 1481 475 1527 O
493 1481 574 1527 Dii
597 1483 894 1531 inmortales!
921 1500 1055 1529 meus
1078 1494 1158 1529 est.
1181 1484 1330 1542 salve,
1349 1483 1527 1534 vidule.

635 1576 1171 1613 DAEMONES.

245 1624 574 1673 Tuusneest?

705 1705 1103 1739 LABRAX.

404 1772 629 1838 Rogitas?
655 1774 893 1838 siquidem
921 1775 1077 1822 hercle
1100 1774 1232 1832 Jovis
1256 1773 1374 1833 fuit,
1398 1793 1534 1826 meus

1060 1860 1127 1893 est
1160 1858 1338 1894 tamen.
1394 1861 1402 1866 ’

629 1942 665 1974 D
703 1940 738 1974 A
775 1941 805 1974 E
843 1940 886 1974 M
927 1940 959 1974 O
995 1941 1030 1973 N
1068 1940 1098 1972 E
1136 1940 1175 1974 S.

239 2005 417 2050 Omnia
450 2005 615 2051 insunt
649 2007 791 2051 salva:
822 2021 918 2052 una
950 2006 1087 2054 istinc
1122 2006 1296 2052 cistella
1318 2015 1526 2066 *excepta

501 2089 568 2123 est
589 2078 741 2124 modo

239 2149 366 2198 Cum
393 2150 666 2212 crepundiis
685 2185 699 2207 ,
728 2150 1018 2212 quibuscum
1048 2150 1193 2198 hodie
1219 2150 1364 2197 filiam
1386 2143 1526 2205 inve-⁴

489 2239 542 2270 m
566 2240 739 2270 meam.

235 2367 285 2436 Q
683 2316 1082 2353 LABRAX·

288 2369 428 2414 uam?
