1630 2866
100 158 226 236 v.‘15
373 169 664 220 ACTUS
714 171 837 218 111.
872 169 991 218 sc„
1042 171 1159 217 111.
1324 185 1386 231 μ

106 285 232 333 Eum
258 293 451 344 oportet
483 297 675 327 amnem
703 295 928 341 quaerere
957 280 1186 327 comitem
1209 279 1313 326 sibi.

105 357 209 422 Ego
240 357 364 403 male
387 355 621 414 loquendi
657 353 791 399 vobis
829 352 1004 398 nescivi
1037 352 1189 399 viam:

106 429 250 475 Nunc
267 446 352 476 vos
375 428 491 474 mihi
517 444 676 474 amnes
703 427 832 477 estis3
873 442 957 472 vos
977 426 1229 471 certum’st
1249 425 1392 487 sequi.

104 500 156 548 Si
185 501 477 547 benedicetis
493 535 507 558 ‚
535 512 690 547 vostra
717 499 817 560 ripa
844 516 927 544 vos
953 516 1144 560 sequar:

105 572 157 620 Si
182 573 470 619 maledicetis
489 608 502 630 ‚
536 584 697 620 vostro
729 571 911 635 gradiar
937 572 1100 618 limite.

465 667 501 699 A
535 667 570 699 D
610 667 647 701 V
687 666 718 698 o
757 667 783 698 c
820 666 855 698 A
890 666 922 698 T
958 665 993 699 υ
1028 666 1066 700 s.

109 726 238 773 Malo
259 726 534 772 benefacere
550 761 563 783 ‚
592 725 896 771 tantumdem
919 726 974 771 ’st
997 726 1288 787 periculum,

111 797 371 866 Quantum
397 799 531 844 bono
564 796 852 843 malefacere.

605 882 637 915 I.
673 883 707 916 Y
743 881 771 914 C
809 881 844 914 U
880 881 919 914 S.

864 943 965 1012 Qui
998 942 1143 988 vero?

462 1028 499 1062 A
533 1029 570 1062 D
609 1029 648 1064 v
687 1029 719 1062 o
757 1029 784 1061 c
820 1029 856 1061 A
894 1008 926 1061 T
962 1027 997 1060 U
1034 1027 1073 1061 s.

1137 1078 1276 1126 Scies.

114 1154 242 1202 Malo
267 1153 303 1199 si
329 1152 450 1214 quid
471 1153 758 1211 benefacias,
787 1153 839 1199 id
867 1153 1159 1200 beneficium
1180 1153 1365 1199 interit:

115 1227 251 1273 Bono
278 1227 315 1272 si
344 1226 466 1287 quid
498 1225 755 1272 malefacias
774 1260 789 1283 ‚
823 1238 1026 1273 aetatem
1057 1228 1250 1288 expetit.

608 1312 639 1345 I.
678 1312 711 1345 Y
747 1313 774 1345 C
810 1312 844 1344 U
882 1311 918 1345 S.

114 1373 282 1420 Facete
313 1374 510 1420 dictum.
541 1373 624 1420 sed
656 1374 775 1434 quid
796 1374 912 1419 istuc
939 1373 1001 1419 ad
1031 1390 1111 1419 me
1145 1369 1367 1421 adtine't?

463 1465 499 1497 A
533 1466 569 1497 D
608 1466 645 1499 v
684 1465 717 1497 o
755 1466 782 1498 c
817 1466 851 1497 A
887 1466 919 1497 Τ
957 1465 991 1502 U
1031 1466 1070 1499 s.

121 1522 253 1597 Quia
273 1543 357 1574 nos
378 1527 568 1572 honoris
594 1528 666 1573 tui
693 1544 846 1574 caussa
868 1529 961 1574 huc
986 1530 1047 1574 ad
1070 1541 1118 1574 te
1136 1531 1364 1576 venimus.

124 1600 436 1669 Quamquasn
463 1599 588 1645 bene
614 1601 838 1646 volumus
861 1601 1028 1647 leviter
1052 1601 1321 1648 lenonibus.

607 1685 638 1717 L
674 1685 709 1716 Y
745 1685 772 1717 c
810 1685 844 1716 U
882 1685 918 1718 s

122 1742 172 1791 Si
199 1744 321 1841 quid
344 1745 463 1791 boni
494 1747 780 1806 apportatis,
812 1747 968 1793 habeo
994 1747 1196 1811 gratiam.

475 1831 509 1863 A
544 1831 580 1863 D
618 1832 654 1865 V
692 1831 725 1864 ο
764 1833 791 1864 c
830 1833 862 1865 A
899 1833 931 1864 T
968 1834 1001 1865 U
1041 1833 1078 1865 s.

124 1888 247 1933 Boni
271 1890 332 1935 de
357 1902 517 1936 nostro
543 1891 630 1936 tibi
658 1908 748 1938 nec
770 1891 989 1948 ferimm,
1019 1908 1108 1937 nec
1136 1891 1328 1948 damus,

125 1959 297 2020 Neque
317 1963 602 2021 pollicemur
614 1999 628 2021 ,
657 1980 818 2024 neque
836 1965 958 2010 adeo
977 1966 1198 2011 volumus
1218 1963 1400 2011 datum.

614 2052 644 2083 L
679 2052 711 2083 Y
750 2052 776 2083 c
814 2051 848 2083 U
886 2051 924 2084 s.

130 2103 288 2151 Credo
317 2106 472 2151 hercle
497 2109 658 2157 vobis:
686 2111 749 2155 ita
775 2121 930 2157 vostra
951 2110 1007 2156 ’st
1032 2110 1306 2174 benignitas.

131 2175 227 2223 Sed
253 2177 372 2238 quid
402 2193 528 2222 nunc
560 2180 729 2227 voltis?

479 2263 511 2294 A
550 2263 585 2294 D
624 2263 659 2296 v
696 2263 728 2294 o
768 2263 795 2294 c
836 2263 870 2295 A
905 2263 938 2295 T
975 2262 1010 2294 U
1047 2262 1084 2294 s.

522 2323 665 2370 Hunc
687 2322 1041 2385 chlamydatum
1071 2337 1219 2381 quem
1240 2320 1373 2368 vides
1393 2354 1409 2379 ,

134 2396 193 2442 Ei
215 2397 334 2445 Mars
358 2398 478 2443 iratu
494 2397 558 2442 ’st.
1224 2392 1251 2412 ⁶

1074 2466 1121 2513 D
1155 2481 1180 2515 2
