1630 2866
245 163 309 211 ὁρ
586 154 1160 204 POENULUS.
1391 172 1525 219 v.23

739 269 769 302 L
806 270 842 303 Y
878 269 904 302 C
942 270 978 302 U
1014 270 1050 304 S·

243 340 323 389 Ha
351 338 412 384 ha
438 336 527 383 he!
559 336 660 400 jam
684 346 826 381 teneo
858 334 980 395 quid
1007 336 1064 382 sit
1080 354 1092 387 ;
1122 338 1340 399 perspexi
1368 337 1528 385 modo.

241 414 312 460 Hi
327 448 342 470 ,
377 412 462 473 qui
490 412 627 456 illum
660 409 853 455 dudum
879 408 1251 456 conciliaverunt
1278 411 1397 457 mihi

242 484 553 548 Peregrinum
591 481 877 543 Spartanum
892 515 906 539 ‚
938 480 991 526 id
1017 497 1148 528 nunc
1177 482 1248 531 his
1281 485 1531 531 cerebrum
1574 540 1576 542 ,

502 566 684 612 untur,

243 632 328 679 Me
355 647 448 677 esse
482 631 568 675 hos
601 640 837 675 trecentos
862 628 1107 691 Philippos
1135 626 1375 673 facturum
1401 628 1533 675 lucri.

243 705 389 751 Nunc
424 703 553 749 hunc
581 703 831 749 inimicum
860 703 974 763 quia
1003 718 1095 748 esse
1125 701 1362 747 sciverunt
1390 700 1534 762 mihi,

244 777 373 825 Eum
403 773 723 840 allegarerunt
741 811 754 832 ,
788 791 931 821 suum
966 774 1064 836 qui⁴
1083 790 1270 821 servom
1297 772 1473 819 diceret
1519 818 1523 822 .

248 851 377 896 Cum
399 866 515 895 auro
548 867 640 895 esse
674 849 806 911 apud
838 865 930 895 me.
963 847 1210 909 conposita
1225 847 1279 892 ’st
1299 846 1503 904 fallacia,

244 925 312 971 Ut
343 939 399 969 eo
434 939 512 968 me
542 922 758 983 privent,
795 933 939 983 atque
972 923 1094 968 inter
1127 938 1174 968 se
1207 920 1436 967 dividant.

247 999 390 1061 Lupo
420 1012 598 1059 agnum
625 996 802 1056 eripere
830 996 1072 1055 postulant
1092 1029 1106 1051 ,
1139 1010 1284 1057 nugas
1309 1004 1469 1058 agunt.

509 1093 1309 1128 AGOR⁷ASTO.CLES.

248 1168 460 1231 Negasne
477 1163 608 1226 apud
623 1174 671 1209 te
690 1179 782 1209 esse
806 1179 976 1210 aurum
992 1198 1007 1221 ,
1029 1179 1115 1208 nec
1132 1143 1321 1210 semein
1335 1177 1502 1208 meum
1515 1160 1538 1207 ?

464 1239 488 1262 ⁶
740 1263 771 1296 L
809 1263 843 1298 Y
879 1263 906 1295 c
944 1262 979 1295 U
1016 1261 1051 1296 s.

252 1326 417 1392 Nego:
448 1338 496 1374 et
527 1323 777 1389 negando,
806 1323 842 1368 si
873 1322 995 1384 quid
1025 1320 1193 1379 refert,
1218 1322 1360 1370 ravio.

603 1430 637 1463 A
674 1431 710 1463 D
751 1430 787 1464 V
825 1429 857 1462 Ο
894 1430 920 1462 C
958 1429 992 1462 A
1030 1428 1061 1461 T
1099 1428 1135 1461 11
1170 1427 1208 1462 S.

253 1494 448 1550 Peristi,
481 1493 607 1537 leno.
640 1506 754 1535 nam
778 1489 862 1534 iste
899 1500 966 1534 est
994 1489 1135 1552 hujus
1166 1488 1379 1546 villicus,

254 1570 421 1638 Quem
449 1566 540 1611 tibi
570 1581 657 1610 nos
689 1579 782 1609 esse
816 1561 1095 1624 Spartiatem
1133 1562 1367 1620 diximus,

254 1643 358 1712 Qui
384 1642 446 1688 ad
480 1653 528 1687 te
561 1651 796 1686 trecentos
828 1639 979 1685 modo
1010 1638 1253 1699 Philippos
1286 1636 1473 1683 detulit.

254 1716 414 1776 quue
448 1713 567 1759 adeo
603 1714 654 1759 in
683 1714 802 1760 istoc
825 1730 999 1758 aurum
1032 1712 1150 1758 inest
1181 1710 1433 1772 maxsupio.

747 1813 777 1844 L
816 1813 850 1845 Y
888 1813 916 1845 C
954 1811 990 1843 U
1025 1810 1061 1844 S.

258 1874 360 1922 Vae
382 1883 563 1919 vostrae
595 1873 756 1919 aetati!

604 1969 640 2002 A
677 1970 712 2001 D
750 1969 787 2001 V
823 1967 855 2000 o
895 1967 922 2000 c
961 1967 995 1999 A
1034 1966 1064 1998 T
1101 1964 1135 1998 U
1173 1963 1210 1997 s.

709 2029 769 2075 Id
797 2028 995 2090 quidem
1027 2029 1076 2073 in
1104 2027 1292 2073 mundo
1323 2037 1392 2073 est
1417 2036 1542 2072 tua&

517 2122 1305 2166 AGORAS'ROCLES.

261 2182 389 2247 Age,
421 2184 591 2229 omitte
622 2193 870 2240 actutum,
890 2182 1107 2239 furcifer,
1131 2180 1444 2248 marsupiumf

260 2254 512 2301 Manifesto
544 2254 619 2300 fur
658 2271 704 2301 es
735 2254 863 2300 mihi.
911 2270 1122 2316 quaeso,
1154 2252 1307 2297 hercle
1345 2264 1541 2311 operam

515 2329 623 2375 date
638 2362 654 2386 ‚

266 2399 400 2447 Dum
422 2418 501 2447 me
531 2401 725 2447 videatis
750 2417 936 2447 servom
963 2400 1023 2445 ab
1057 2399 1149 2444 hoc
1178 2396 1424 2443 abducere.
