1630 2866
236 159 330 208 370
637 143 1114 192 STICHUS.
1393 147 1523 208 v.6·4

600 264 627 296 C
665 265 699 298 R
736 265 768 297 O
807 265 833 297 C
870 264 903 298 O
939 265 971 298 T
1006 264 1027 299 Ῑ
1061 264 1098 298 U
1133 265 1190 300 M.

194 383 197 386 .
235 326 478 374 Ridiculus
511 329 664 385 aeque
696 317 855 370 nullus
875 335 944 370 est
964 359 978 382 ‚
1006 326 1202 386 ‘quando
1231 327 1403 379 esurit„

598 421 630 454 G
667 422 697 454 E
732 421 763 453 L
801 421 834 454 A
873 422 894 456 S
935 422 956 454 I
983 420 1033 456 vM
1070 421 1106 455 U
1142 421 1179 457 S.

236 486 379 531 Nunc
410 483 683 529 auctionem
711 481 860 528 facere
892 481 1139 529 decretum
1161 483 1216 530 ’st
1242 484 1372 531 mihi.

234 554 374 604 Foras
407 573 652 603 necessum
670 556 752 614 ’st,
788 548 1038 617 quidquid*
1058 555 1237 614 habeo,
1266 557 1486 605 vendere.

231 632 409 677 Adeste
442 629 801 691 sultisspraeda
830 630 916 675 erit
944 630 1276 691 praesentium.

231 706 388 769 Logos
418 704 640 750 ridiculos
668 702 855 750 vendo:
895 703 1038 766 agite!
1067 703 1287 750 licemini.

234 780 342 849 Qui
375 795 523 825 coena
558 778 742 840 poscit?
774 777 917 838 ecqui
947 777 1100 838 poscit
1132 775 1370 839 prandio?

234 852 464 898 Hercules
497 862 546 897 te
583 849 773 897 amabit.
814 849 1053 912 prandio?
1087 865 1236 896 coena
1268 850 1392 897 tibi?

235 928 391 973 Ehem
422 924 703 970 annuistin’?
735 939 882 969 nemo
913 924 1128 970 meliores
1146 923 1293 971 dabit.

232 1000 385 1044 Nullis
415 998 634 1043 meliores
663 1013 757 1043 esse
789 998 1010 1058 parasitos
1041 997 1201 1043 sin-am.

231 1072 324 1118 Vel
353 1071 601 1116 unctiones
634 1070 852 1126 Graecas,
881 1070 1161 1126 sudatorias,

229 1141 324 1188 Vel
348 1142 452 1187 alias
477 1139 620 1203 magis
646 1140 841 1184 malacas
868 1139 1169 1201 crapularias,

234 1214 564 1263 Cavillationes
583 1247 598 1270 ‚
628 1212 1067 1270 assentatiuncula&

228 1290 297 1336 A‘c
323 1286 740 1352 perjuratiunculas
771 1285 1027 1347 parasiticas
1042 1320 1056 1343 ,

227 1360 567 1425 Rubiginosam
598 1357 820 1420 strigilem
838 1392 854 1417 ,
887 1360 1149 1420 ampullam
1177 1359 1400 1406 rubidam
1415 1394 1432 1418 ,

229 1435 485 1482 Paxasitum
518 1433 708 1477 inanem
726 1466 739 1489 ,
769 1447 868 1492 quo
897 1432 1122 1478 recondas
1157 1433 1389 1494 reliquias.

228 1508 359 1554 Haec
385 1506 566 1553 venisse
589 1505 690 1568 jam
717 1520 838 1565 opus
868 1515 962 1561 est,
995 1517 1230 1566 quantum
1259 1515 1427 1567 potest.

228 1581 310 1627 Uti
333 1579 588 1626 decumam
609 1588 795 1639 partem
825 1577 1020 1623 Herculi
1049 1579 1334 1640 polluceam.

589 1665 616 1697 c
652 1665 687 1697 R
723 1664 755 1697 o
791 1665 818 1696 c
857 1665 889 1697 o
929 1665 960 1697 T
997 1665 1019 1697 1
1040 1665 1090 1698 vU
1124 1666 1180 1699 M.

227 1729 420 1774 Ecastor
448 1725 719 1771 auctionem
751 1723 882 1769 haud
916 1725 1075 1788 magni
1110 1725 1260 1786 preti!

226 1800 449 1847 Adhaesit
473 1797 658 1854 homini
691 1795 752 1841 ad
787 1796 1010 1841 infimum
1039 1808 1258 1844 ventrem
1287 1795 1441 1843 fames.

225 1873 386 1919 Adibo
409 1872 670 1918 hominem.

586 1957 618 1989 G
653 1954 683 1987 E
720 1954 750 1987 1.
785 1954 821 1987 A
855 1953 877 1986 s
913 1954 934 1987 1
970 1953 1013 1986 M
1050 1954 1084 1986 U
1122 1954 1160 1987 s.
1282 1986 1287 1991 .

506 2016 627 2086 Quis
644 2015 758 2060 haec
777 2025 867 2070 est,
887 2029 1012 2074 quae
1029 2012 1281 2060 advorsum
1298 2013 1337 2060 it
1352 2010 1504 2060 mihi?

223 2092 479 2157 Epignomi
509 2089 674 2137 ancilla
699 2087 812 2133 haec
839 2087 1041 2148 quidem
1070 2098 1137 2133 est
1157 2086 1448 2134 Crocotium.

585 2179 611 2211 c
650 2178 684 2210 R
723 2176 755 2208 o
789 2175 822 2208 c
855 2172 891 2208 0
927 2174 960 2206 Τ
995 2174 1017 2206 1
1055 2174 1091 2208 U
1126 2175 1181 2209 M.

224 2240 483 2298 Gelasime,
514 2239 649 2285 salve.

584 2323 617 2357 G
654 2323 684 2355 Ε
719 2322 750 2354 L
787 2321 820 2354 A
863 2321 886 2368 s
923 2322 945 2354 1
979 2321 1023 2354 M
1059 2319 1095 2352 U
1130 2317 1167 2351 s.

643 2382 783 2428 ‘Non
818 2392 885 2428 est
912 2381 964 2426 id
990 2393 1171 2426 nomen
1206 2376 1338 2426 mihi.
