1630 2866
115 4 141 27 9

97 166 206 212 29
424 152 864 202 ACTUSIII.
915 155 1016 205 SC.
1069 159 1128 207 V.
1309 162 1378 218 ὀπὶ

96 260 368 323 Utcumque
399 274 466 308 est
491 276 660 310 ventus
676 299 690 322 ,
724 265 834 311 exin
863 268 1027 314 velum
1053 270 1272 318 vortitur.

345 348 1135 388 AGORASTOCLES.

90 406 293 473 „Valeant
312 411 446 472 apud
475 423 524 457 te
540 446 554 468 ‚
574 428 687 472 quas
703 414 815 458 volo
828 447 842 470 ,
861 424 1006 475 atque
1033 416 1163 463 haud
1181 430 1227 465 te
1242 422 1370 468 volo.

579 496 611 528 1.
647 496 683 528 Y
718 497 745 529 c
781 496 816 528 U
852 496 887 529 s.

88 549 262 600 ,Valent
278 587 294 611 ‚
326 566 382 600 ut
405 558 698 618 postulatum
715 559 799 616 'st,
831 575 1000 607 verum
1025 577 1127 608 non
1155 564 1255 609 tibi.

341 653 1130 692 AGORASTOCLES.

88 708 229 754 Mitte
248 710 309 756 ad
324 729 433 771 me,
461 714 623 772 sodes,
647 715 794 761 hodie
811 715 1150 801 Adelphasium
1175 731 1335 781 tuam,

23 844 27 846 η
87 780 181 827 Die
206 782 322 830 festo
351 787 525 833 celebri
551 788 802 850 nobilique
832 768 1136 853 Aphrodistis.

83 941 304 989 Calidum
330 945 557 1006 prandisti
571 887 1091 1007 Lpgn‘digmshodie
1038 950 1061 983 9
1097 950 1175 998 dic
1199 953 1332 1000 mihi.

339 1040 1123 1080 AGORASTOCLES.

84 1098 379 1168 Quidjam?

561 1179 870 1214 LYCUS.

314 1238 445 1307 Quia
474 1256 524 1285 os
552 1256 682 1287 nunc
702 1240 958 1306 frigefactas
976 1277 990 1300 ‚
1024 1234 1180 1306 quo⁰m
1211 1263 1358 1314 rogas.

333 1333 1128 1375 AGORASTOCLES.

77 1391 186 1439 Hoc
219 1410 301 1456 age
335 1394 417 1451 sis,
450 1395 574 1442 leno.
606 1412 792 1443 servom
824 1413 917 1444 esse
953 1401 1115 1449 audivi
1143 1420 1309 1455 meum

74 1462 222 1523 Apud
251 1476 310 1510 te.
680 1511 690 1515 t

565 1545 596 1576 L
636 1545 671 1577 Y
706 1546 733 1578 c
770 1546 804 1578 U
841 1547 878 1580 s.

311 1600 460 1663 Apud
482 1604 598 1650 me?
631 1621 900 1666 numquam
929 1606 1108 1655 factum
1136 1613 1351 1672 reperies.

323 1702 1110 1744 AGORASTOCLES.

71 1755 287 1804 Mentire.
320 1776 430 1806 nam
464 1761 525 1806 ad
554 1774 602 1808 te
633 1765 790 1822 venit,
827 1782 1094 1828 aurumque
1123 1770 1314 1820 adtulit.

69 1826 142 1872 Ita
172 1822 289 1876 mihi
320 1834 647 1882 renuntiatum
665 1837 748 1895 ’st,
782 1839 958 1898 quibus
990 1843 1135 1888 credo
1162 1845 1280 1891 satis.

550 1935 582 1967 L
617 1935 651 1968 Y
688 1936 715 1968 c
754 1935 789 1968 U
825 1937 864 1970 s.

68 1982 221 2028 Malus
252 2002 322 2038 es;
352 2002 592 2051 captatum
623 2010 703 2040 me
731 1995 923 2042 advenis
957 2013 1070 2045 cum
1098 2001 1307 2047 testibus,

71 2055 293 2103 Tuorum
321 2065 451 2122 apud
467 2082 546 2110 me
564 2083 709 2113 nemo
737 2082 804 2116 est
819 2105 833 2128 ,
858 2088 947 2117 nec
968 2074 1237 2134 quidquam
1256 2067 1340 2123 tuil

327 2136 1103 2204 ΑῦοΒΑέτοοιΕε.

64 2216 361 2265 Mementote
388 2220 501 2270 illuc
515 2256 530 2279 ‚
549 2216 808 2270 Advocati.

456 2315 491 2347 A
526 2316 562 2349 n
599 2317 636 2352 v
675 2317 707 2351 0
744 2319 771 2352 c
807 2318 850 2355 A
880 2319 912 2353 T
948 2320 981 2351 1.
1034 2303 1038 2308 '

746 2370 765 2372 ⁷⁷
818 2378 1137 2430 Meminimus,
