1598 2814
93 192 223 238 κῃ
383 175 680 225 ACTUS
732 179 829 227 1v.
880 180 1114 232 sc.1v.
1282 202 1376 250 579

449 298 486 330 D
521 298 542 330 1
580 298 615 331 N
650 299 685 331 A
722 300 756 333 R
792 300 819 332 c
857 301 892 333 Η
927 301 963 334 U
997 302 1035 336 s.

93 357 292 405 Factum
309 358 452 420 cupio
473 378 483 404 ι
508 375 619 405 nam
638 375 688 405 re
708 359 857 406 facere
875 394 889 418 ,
923 362 960 407 si
981 364 1127 411 velim
1140 399 1156 423 ,
1188 381 1290 413 non
1308 379 1377 414 est

347 431 494 476 locus.

97 500 240 548 Nunc
255 518 406 563 puero
422 514 557 554 ¹utere
574 536 589 559 ‚
618 513 666 548 et
690 518 916 564 procura:
948 505 1087 566 quia,
1106 508 1236 555 unde
1261 526 1374 572 pro-

346 592 503 634 cures,
530 576 686 622 habes.

414 661 444 694 P
479 661 514 693 Η
548 662 582 694 R
621 661 653 693 o
691 661 725 694 Ν
761 658 791 692 E
830 661 852 694 s
891 663 913 694 1
953 663 987 696 U
1023 663 1080 696 M.

93 719 307 766 Multum
334 720 506 766 amabo
533 731 581 766 te
616 719 680 764 ob
713 720 848 765 istam
882 738 982 768 rem
1013 734 1253 771 mecastor.
1288 727 1375 773 ubi

353 792 487 841 domi
520 803 704 838 metues
738 793 951 850 malum,

95 864 266 929 fugito
288 866 383 912 huc
408 866 469 911 ad
496 882 596 910 me:
626 866 789 910 saltem
812 865 989 913 amicus
1010 867 1127 913 mihi
1153 879 1251 915 esto
1274 887 1373 917 ma-

344 937 594 984 nubiarius.

415 1063 418 1066 Α
452 1028 488 1060 D
523 1026 544 1058 1
580 1026 614 1058 Ν
651 1024 686 1058 A
721 1026 756 1059 R
791 1026 818 1058 c
856 1025 891 1059 Η
926 1026 961 1059 U
999 1025 1038 1060 s.

96 1087 224 1135 Bene
242 1089 344 1137 vale
358 1123 374 1147 ‚
395 1085 735 1134 Phronesium!

409 1170 1076 1207 PHRONESIVUM.

477 1233 586 1292 Jam
606 1248 685 1278 me
707 1243 848 1277 tuum
868 1233 1184 1280 oculumnon
1200 1250 1335 1281 vocas
1348 1234 1371 1281 ?
1411 1261 1417 1268 ·

445 1327 482 1358 D
521 1326 542 1359 1
575 1325 610 1357 N
646 1325 680 1357 A
716 1327 749 1359 R
785 1327 812 1358 c
849 1325 882 1357 Η
918 1326 952 1358 U
988 1324 1026 1358 s.

94 1387 154 1432 Id
178 1403 375 1447 quoque
402 1387 594 1432 interim
618 1386 809 1431 futatim
833 1401 1015 1431 nornen
1038 1403 1370 1435 conmemora-

343 1458 486 1505 bitur.

418 1545 448 1577 P
484 1543 519 1575 H
552 1543 588 1578 R
625 1542 658 1575 Ο
698 1544 732 1575 N
769 1542 800 1575 E
838 1541 860 1574 S
895 1543 917 1574 Ι
955 1541 990 1573 U
1025 1543 1082 1575 M.

93 1603 348 1665 Numquid
373 1603 475 1648 vis?

270 1721 284 1736 „
442 1690 478 1722 D
515 1690 538 1722 1
571 1688 606 1722 N
640 1688 676 1721 A
713 1689 747 1721 R
782 1687 809 1719 c
844 1686 880 1718 R
914 1685 950 1718 u
987 1685 1023 1719 s.

187 1751 278 1797 Fac
292 1751 453 1798 valeas.
477 1766 644 1812 operae
661 1749 747 1795 ubi
762 1747 881 1793 mihi
898 1747 984 1792 erit
998 1781 1012 1803 ,
1030 1746 1092 1791 ad
1111 1756 1159 1792 te
1177 1762 1363 1792 venero.

323 1842 1081 1879 .PHRONESIUM.

95 1903 182 1949 Ille
201 1903 399 1964 quidem
416 1904 527 1949 hinc
545 1903 659 1950 abiit
670 1937 686 1961 ‚
704 1902 937 1949 abscessit:
959 1901 1111 1946 dicere
1129 1899 1368 1960 hic-quid-

346 1975 415 2022 vis
441 1976 562 2022 licet.

98 2048 280 2100 Verum
296 2060 364 2096 est
378 2051 580 2096 verbum
595 2084 610 2106 ,
643 2049 780 2111 quod
805 2060 1114 2096 memoratur:
1143 2048 1228 2094 ubi
1254 2048 1371 2094 arni-

348 2121 420 2177 ci,
450 2120 632 2166 ibidem
664 2137 793 2182 opus.

100 2195 299 2256 Propter
328 2193 457 2238 hunc
486 2209 587 2254 spes
622 2194 763 2240 etiam
789 2211 836 2240 se
864 2193 1009 2239 hodie
1039 2193 1371 2238 tantum....ri

355 2264 578 2310 militem:
882 2309 888 2314 ,

101 2338 264 2407 Quem
286 2354 398 2402 ego,
431 2346 633 2392 ecastor,
659 2351 795 2398 mage
816 2351 923 2380 amo
947 2351 1094 2395 quam
1119 2352 1220 2393 me,
1250 2336 1368 2383 dum

352 2409 400 2456 id
416 2443 430 2468 ‚
467 2408 604 2470 quod
631 2409 802 2470 cupio,
835 2407 947 2454 inde
972 2406 1144 2453 aufero.

1003 2478 1048 2521 O
1067 2494 1095 2521 o
1132 2493 1155 2525 2
