1630 2866
62 161 188 208 v,52
387 139 678 190 ACTUS
730 139 789 187 V.
841 137 945 187 SC.
996 139 1033 185 Ι.
1254 154 1347 202 403

67 252 261 320 Egone?
287 251 441 299 tune?
462 248 675 296 mihine?
703 247 887 294 tibine?
909 247 1066 304 vides,
1090 257 1143 292 ut
1163 263 1350 294 annona

326 334 394 368 est
427 321 599 386 gravis!

66 399 212 448 Vides
227 433 242 457 ,
267 396 582 459 benignitates
604 395 861 441 hominum
891 404 947 440 ut
965 392 1147 455 periere
1166 402 1213 438 et
1232 408 1347 454 pro-

324 467 560 530 thymiae:

69 541 214 590 Vides
233 575 248 599 ‚
282 538 505 585 ridiculos
534 534 670 581 nihili
697 533 826 591 fieri,
856 542 1001 593 atque
1036 532 1156 595 ipsos
1185 535 1353 595 parasi-

334 610 486 656 tarier.
842 631 846 640 »

73 685 354 745 Numquam
367 717 381 740 ‚
411 680 610 742 edepol,
637 694 716 724 me
731 678 894 724 vivom
914 677 1166 738 quisquam
1188 679 1238 724 in
1256 694 1355 726 cra-

325 756 504 801 stinum
533 753 786 814 prospiciet
817 751 963 796 diem.

73 832 197 879 Nam
240 831 360 877 mihi
385 831 487 893 jam
531 827 658 872 intus
701 826 900 888 potione
942 824 1109 872 vincea
1145 826 1356 874 onerabo

326 903 499 968 gulam.
903 915 919 919 ⁷·
1375 896 1378 898 ’

76 978 247 1064 Neque
286 993 375 1041 ego
406 976 500 1021 hoc
533 973 816 1020 conmittam
833 1005 847 1029 ,
890 983 946 1018 ut
974 968 1188 1017 homines
1224 987 1358 1028 mor-¹

332 1059 475 1099 tuum
500 1062 581 1093 me
615 1046 776 1092 dicant
805 1043 942 1090 farne.

406 1247 1031 1330 AcTusv.

493 1392 828 1441 SCENA
919 1395 959 1439 Ῑ.

502 1554 931 1590 STICHUS.

82 1607 348 1722 MORE
369 1669 461 1715 hoc
487 1669 567 1726 fit,
595 1681 740 1731 atque
756 1672 927 1729 stulte,
953 1688 1060 1719 mea
1075 1675 1323 1722 sententia:

85 1745 134 1793 Si
163 1760 312 1806 quem
337 1742 587 1789 hominem
618 1755 912 1805 exspectant,
939 1760 1051 1790 eum
1075 1748 1228 1793 solent
1248 1764 1364 1809 pro-

342 1819 517 1873 visere·

89 1894 191 1964 Qui
214 1893 370 1938 hercle
397 1892 475 1937 illa
502 1907 655 1938 caussa
687 1892 808 1938 nihil
835 1893 962 1939 ocius
994 1895 1138 1940 venit.

88 1968 226 2014 Idem
245 1982 331 2030 ego
354 1980 483 2011 nunc
506 1963 625 2019 facio
640 1999 655 2022 ,
675 1966 759 2026 qui
777 1967 965 2028 proviso
984 1966 1257 2031 Sagarinum
1275 2003 1292 2027 ‚

90 2038 191 2107 Qui
220 2037 340 2083 nihil
370 2036 497 2081 ocius
523 2037 655 2082 venit
683 2047 846 2084 tamen
871 2041 958 2085 hac
985 2042 1139 2104 gratia.

84 2109 190 2167 jam
214 2108 369 2153 hercle
396 2123 483 2170 ego
503 2107 789 2155 decumbam
811 2112 961 2168 solus',
989 2113 1024 2156 si
1042 2112 1120 2156 ille
1144 2113 1237 2157 huc
1261 2126 1366 2157 non

343 2189 490 2225 vemt.

95 2254 378 2301 Cadummo
384 2253 449 2298 do
462 2253 572 2299 hinc
589 2270 615 2299 a
629 2271 707 2301 me
721 2255 813 2302 huc
828 2271 940 2302 cum
950 2257 1063 2303 vino
1078 2258 1367 2305 transferam:

92 2329 261 2376 Postea
289 2327 582 2377 accumbam.
613 2330 744 2390 quasi
772 2346 915 2378 senex
940 2332 1133 2378 tabescit
1162 2331 1270 2384 dies.

1003 2449 1159 2499 Cc2
