1630 2866
232 198 329 240 ρος
544 187 1187 244 PSEUDOLUS.
1388 207 1515 256 v.13

691 312 719 343 B
758 310 793 344 A
829 311 859 345 L
895 311 927 346 L
962 313 983 347 Ι
1018 314 1065 348 Ο.

231 372 362 428 Eho,
394 387 454 417 an
485 372 742 433 nonprius
770 373 972 420 salutas?

733 459 756 493 s
794 460 813 492 1
850 461 894 494 M
929 462 951 494 1
990 463 1040 496 A.

757 523 899 570 Nulla
933 535 1001 571 est
1032 524 1152 572 mihi
1178 526 1296 574 salus
1325 526 1512 576 dataria.

686 609 713 641 Β
753 608 787 642 A
823 610 853 642 L
891 610 922 642 L
959 611 979 642 1
1017 611 1063 644 o.
1216 621 1228 629 -

231 665 354 712 Nam
382 668 467 729 pol
489 667 599 713 hinc
628 669 930 716 tantumdem
952 671 1156 734 accipies

588 758 617 791 P
656 757 679 791 s
715 759 745 792 E
783 759 819 792 U
854 760 890 792 D
931 760 963 793 o
1002 760 1032 793 L
1070 761 1104 794 U
1141 761 1181 795 s.

763 820 872 878 Jam
906 821 1021 867 inde
1052 838 1079 867 a
1104 822 1340 885 principio
1363 823 1515 886 probi.

735 915 758 949 s
795 917 815 949 1
852 917 895 949 M
930 917 952 950 1
989 918 1037 951 A.

235 968 453 1032 Ecquem
476 974 526 1019 in
556 976 809 1039 angiporto
835 976 928 1022 hoc
953 976 1203 1042 hominem
1226 988 1282 1024 tu
1310 976 1516 1025 novisti?

483 1058 530 1092 te
565 1064 694 1110 rogo.

683 1132 1060 1168 BALLIO.

232 1180 436 1245 Egomet
454 1201 546 1231 me.
1107 1157 1130 1197 Ι

274 1260 277 1263 ’
717 1263 739 1297 s
777 1264 798 1296 1
836 1264 879 1297 M
913 1264 934 1297 1
972 1264 1020 1297 A.

477 1322 620 1368 Pauci
650 1323 768 1372 istuc
804 1323 982 1371 faciunt
1013 1323 1256 1384 homineS‚
1292 1325 1431 1387 quod
1461 1337 1518 1374 tu

870 1396 1133 1457 praedicas:

231 1463 355 1512 Nam
380 1466 432 1512 in
457 1465 561 1512 foro
590 1468 673 1514 vix
702 1468 916 1514 decimus
936 1467 1140 1530 quisque
1165 1480 1258 1529 est,
1287 1471 1373 1532 qui
1392 1472 1517 1534 ipsus

484 1559 579 1588 sese
606 1543 804 1590 noverit.

589 1629 618 1662 P
659 1628 681 1662 s
718 1630 748 1662 Ε
787 1629 822 1662 U
857 1630 894 1663 D
934 1630 967 1663 ο
1004 1629 1033 1662 L
1072 1629 1107 1663 U
1144 1630 1181 1664 s.

232 1683 392 1734 Salvos
419 1689 551 1734 sum!
577 1689 677 1753 jam
714 1689 1088 1751 philosophatur.

722 1781 745 1814 s
781 1782 802 1813 1
838 1782 882 1814 M
917 1782 938 1814 1
974 1781 1020 1814 A.

591 1841 856 1887 Hominem
886 1855 975 1905 ego
1004 1841 1079 1887 hic
1107 1858 1282 1902 quaero
1305 1843 1517 1903 malum‚'

232 1915 520 1980 Legirupam
531 1950 545 1974 ‚
561 1915 748 1977 inpium
759 1949 773 1973 ,
790 1916 1039 1980 perjurum
1053 1949 1066 1973 ‚
1083 1927 1227 1978 atque
1240 1918 1515 1980 inprobum.

682 2010 713 2041 Β
754 2007 789 2041 Α
823 2007 854 2041 L
888 2008 919 2041 L
954 2009 977 2042 1
1016 2009 1066 2042 0,.

1161 2063 1243 2109 Me
1263 2064 1510 2125 quaeritat:

228 2135 353 2182 Nam
385 2135 463 2182 illa
493 2153 600 2182 mea
629 2146 738 2182 sunt
765 2146 1108 2200 cognomenta,
1139 2151 1320 2184 nornen
1348 2137 1386 2183 si
1411 2138 1513 2182 me-

484 2221 641 2256 moret
667 2209 833 2255 modo.
1417 2222 1422 2226 ’

232 2282 372 2352 Quid
405 2294 473 2330 est
500 2283 544 2330 ei
575 2283 759 2333 homini
790 2281 1008 2333 nomen?

720 2380 745 2414 s
781 2380 802 2412 1
836 2380 882 2414 M
917 2378 938 2410 1
974 2377 1022 2410 A.

889 2438 1024 2485 Leno
1050 2435 1211 2483 Ballio.
