1630 2866
83 158 217 205 v.74
347 141 681 190 ACTUS
738 139 856 190 111:
909 143 1015 192 SC.
1069 145 1106 192 1.
1271 151 1364 210 385

84 253 139 301 Si
166 269 327 315 neque
343 253 423 298 ille
445 252 577 298 *adest
591 286 605 309 ,
635 268 796 313 neque
812 252 889 298 hic
904 286 919 311 ,
939 254 1174 315 qui‘venit
1191 289 1206 312 ,
1227 254 1369 317 quid-

346 343 493 388 quam
517 326 748 372 subvenit.

65 400 179 448 -Ibo
205 401 332 448 intro
360 400 421 445 ad
452 399 597 446 libros
613 434 629 457 ,
664 411 713 445 et
739 399 915 447 discam
946 399 1009 448 de
1040 400 1175 449 dictis
1199 404 1373 451 melio-'

363 473 412 517 ib
449 490 481 517 s.
559 480 568 490 ”

89 544 213 592 Nam
240 546 291 591 ni
323 490 447 590 iilosu
463 544 678 592 homines
712 546 902 607 expello
917 578 934 604 ,
963 562 1052 612 ego
1083 547 1236 595 occidi
1267 550 1370 612 pla⁴

347 617 566 663 nissume.
927 653 948 672 .

376 764 830 846 Acrus
919 786 1106 850 111.

467 924 980 981 SCENAY.

135 1075 789 1116 EPIGNOMUS.
857 1075 1335 1112 STICHUS.

450 1215 483 1249 E
517 1215 547 1248 P
580 1215 602 1248 1
639 1212 672 1248 G
706 1214 742 1247 N
777 1213 811 1247 Ο
847 1213 891 1247 Μ
926 1212 964 1246 U
999 1212 1021 1248 S

95 1205 333 1368 Quom
349 1291 475 1338 bene
496 1306 547 1337 re
565 1299 690 1354 gesta
705 1290 851 1335 salvos
870 1298 1127 1333 convortor
1144 1287 1377 1347 domum,

84 1356 328 1428 'Neptuno
360 1374 510 1428 grates
534 1363 689 1407 habeo
720 1374 767 1406 et
793 1360 1207 1423 Tempestatibus.

96 1438 251 1484 Simul
282 1435 517 1482 Mercurio
531 1468 546 1490 ‚
575 1433 662 1493 qui
693 1449 773 1478 me
802 1433 852 1476 in
879 1432 1211 1477 mercimoniis

90 1509 253 1568 juvit,
285 1506 522 1566 lucrisque
553 1503 932 1564 quadruplicavit
967 1519 1068 1564 rem
1093 1521 1263 1550 meam.

96 1583 235 1629 Olim
260 1595 381 1642 quos
417 1579 576 1624 abiens
603 1577 734 1622 affeci
765 1574 1077 1639 aegrimonia,

99 1655 192 1702 Eos
222 1667 354 1699 nunc
385 1652 607 1696 laetantes
636 1648 800 1694 faciam
830 1649 1042 1694 adventu
1077 1664 1203 1696 meo.

99 1726 225 1773 Nam
241 1727 343 1789 jam
361 1723 691 1785 Antiphonem
717 1722 919 1768 conveni
943 1723 1131 1768 affinem
1151 1740 1345 1783 meum,

103 1800 328 1858 Cumque
357 1810 414 1841 eo
440 1794 601 1840 reveni
630 1812 692 1840 ex
723 1794 967 1841 inimicitia
993 1795 1044 1840 in
1073 1796 1280 1859 gratiam.

100 1870 304 1926 Videte,
340 1884 539 1932 quaem,
567 1869 687 1929 quid
717 1879 874 1930 potest
904 1869 1134 1929 pecunia!

95 1939 351 2012 Quoniam
382 1955 433 1984 re
462 1939 587 1995 bene
621 1950 746 2020 gesta
768 1939 937 1985 redisse
964 1955 1044 1983 me
1070 1938 1234 1996 videt,

106 2015 395 2077 Magnasque
426 2013 736 2092 apportavisse
767 2011 949 2057 divitias
982 2012 1215 2068 domum,

108 2085 219 2133 Sine
244 2084 475 2130 advocatis
494 2083 713 2129 ibidem
701 2100 752 2128 111
779 2100 998 2142 cercuro,
1023 2085 1076 2129 in
1114 2096 1237 2164 stega
1253 2118 1269 2142 ,

108 2159 166 2204 In
193 2156 445 2202 amicitiam
478 2167 623 2216 atque
647 2156 699 2199 in
732 2155 926 2219 gratiam
958 2157 1293 2201 convertimus.

109 2229 171 2275 Et
198 2229 274 2273 hic
302 2227 445 2273 hodie
470 2226 598 2288 apud
630 2243 710 2272 me
740 2238 934 2282 coenat,
964 2238 1012 2271 et
1037 2226 1174 2272 frater
1202 2243 1349 2274 meus.

109 2300 232 2346 Nam
252 2300 356 2348 heri
377 2300 552 2346 ambo
541 2315 592 2344 m
618 2315 718 2345 uno
745 2311 892 2360 portu
913 2297 1113 2344 fuimus:
1140 2299 1223 2344 sed
1244 2316 1352 2347 mea

114 2371 272 2421 Hodie
303 2375 457 2420 soluta
481 2384 547 2419 est
575 2372 705 2420 navis
736 2372 979 2432 aliquanto
1004 2372 1146 2433 prius.

183 2446 269 2494 Vol.
302 2448 394 2496 III.
1101 2445 1138 2490 B
1154 2445 1188 2490 b
