1630 2866
101 197 230 248 η,
393 180 681 230 ACTUS
732 147 1018 229 1⁶11.sc.'
1056 180 1135 229 11.
1289 188 1384 248 191,

552 298 926 333 BALLIO.

104 371 247 442 Quid
275 371 366 419 tu?
393 371 562 417 divinis
592 368 910 415 condimentis
938 377 1104 425 utere,

102 446 205 516 Qui
228 461 473 508 prorogare
503 445 651 490 vitam
678 443 820 504 possis
849 442 1155 499 horninibus,¹

102 518 205 590 Qui
230 535 283 565 ea
322 519 483 579 culpes
516 515 858 563 condimenta?

564 610 591 642 c
629 609 662 643 o
700 610 736 658 Q
771 608 807 642 u
842 607 879 641 υ
916 607 954 641 s.

872 666 1114 714 Audacter
1146 666 1290 714 dicito
1308 684 1325 715 t

105 743 230 791 Nam
251 745 330 791 vel
361 743 567 790 ducenos
594 759 739 790 annos
767 751 995 805 poterunt
1024 741 1182 788 vivere
1195 776 1211 798 ‚

103 819 231 866 Meas
267 819 351 878 qui
384 818 620 864 esitabunt
656 831 774 863 escas
792 850 806 873 ‚
845 831 963 877 quas
994 814 1267 875 condivem.

103 892 229 939 Nam
257 908 344 955 ego
372 891 683 938 cicilendrum
703 890 900 951 quando
920 890 970 934 in
997 889 1177 951 patinas
1198 888 1385 948 indidi,

102 964 204 1012 Aut
219 964 534 1026 sipqlindrum
551 998 564 1019 ‚
576 974 658 1008 aut
674 961 926 1018 macidem,
943 973 1028 1007 aut
1044 961 1383 1023 sancaptidem‚

102 1037 197 1085 Eae
217 1037 339 1098 ipsae
368 1051 464 1081 sese
494 1034 682 1095 patinae
705 1032 1014 1080 fervefaciunt
1047 1033 1187 1080 illice.

102 1108 234 1155 Haec
259 1107 321 1154 ad
351 1107 565 1168 Neptuni
593 1107 802 1168 pecudes
838 1106 1145 1152 condimenta
1170 1117 1304 1154 sunt:

102 1182 356 1228 Terrestres
383 1181 588 1243 pecudes
618 1180 903 1227 cicimandro
932 1180 1107 1227 condio
1120 1215 1136 1238 ,

100 1253 200 1301 'Aut
225 1254 586 1317 happalopside,
617 1266 699 1300 aut
721 1252 996 1300 cataractria.

555 1357 584 1389 B
620 1358 656 1390 A
691 1357 722 1390 1.
758 1358 789 1391 1.
822 1357 845 1390 1
882 1356 929 1390 ο.

997 1408 1063 1455 At
1094 1420 1142 1455 te
1160 1409 1386 1472 Juppiter

36 1495 41 1500 '
103 1482 282 1542 Diique
308 1497 471 1527 omnes
503 1481 709 1542 perdant
726 1514 740 1537 ,
771 1497 885 1526 cum
912 1481 1240 1526 condimentis·
1259 1483 1383 1540 tuis,

103 1555 330 1616 Cumque
357 1556 448 1600 tuis
478 1554 571 1599 istis
605 1553 830 1599 omnibus
854 1553 1122 1598 mendaciis.

552 1649 579 1681 c
621 1647 653 1679 o
692 1647 729 1696 ρ.
762 1646 797 1679 u
833 1646 868 1680 u
906 1646 943 1680 s.

106 1707 217 1756 Sine
245 1709 301 1755 sis
331 1709 468 1770 loqui
494 1725 587 1754 me.

555 1802 585 1834 B
621 1801 658 1834 A
690 1800 720 1834 1.
754 1801 785 1833 L
822 1774 855 1833 1⁸
879 1800 928 1833 ο.

403 1869 652 1930 Loquere,
681 1880 825 1929 atque
850 1869 867 1913 i
898 1868 948 1913 in
973 1870 1145 1914 malam
1175 1884 1382 1921 crucem.-

557 1965 585 1996 c
622 1964 655 1997 o
694 1965 732 2013 Q
762 1964 798 1996 U
836 1963 871 1996 U
907 1962 945 1996 s.

106 2031 202 2079 Ubi
234 2046 397 2077 omnes
429 2031 616 2091 patinae
642 2031 825 2077 fervent
840 2065 854 2089 ‚
886 2033 1040 2077 omnis
1063 2033 1250 2094 aperio,

106 2107 151 2152 Is
179 2104 294 2151 odos
326 2103 529 2148 demissis
551 2104 753 2164 pedibus
775 2105 827 2150 in
850 2106 1042 2151 coelum
1068 2107 1207 2152 volat.

558 2198 588 2230 Β
621 2197 656 2230 A
691 2197 722 2229 1.
757 2198 788 2230 1.
822 2198 842 2230 1
882 2199 931 2231 o.

104 2258 247 2306 Odor
275 2258 479 2304 demissis
507 2257 743 2320 pedibus?

560 2352 588 2385 c
624 2352 656 2385 o
693 2352 730 2401 ρ
763 2351 799 2383 U
836 2351 872 2383 U
907 2350 944 2384 s.

752 2410 943 2457 Peccavi
980 2411 1188 2460 insciens·
