1690 2872
288 177 378 237 478
582 174 1242 226 TRINUMMUS.
1436 195 1567 244 ΜΟ

289 284 464 329 Census
495 298 624 332 surn;
648 282 847 346 juratori
879 293 1004 329 recte
1027 284 1259 332 rationem
1286 284 1411 331 dedi.

289 357 612 405 Lesbonicum
635 356 712 402 hic
734 357 1085 405 adulescentem
1103 375 1281 422 quaero
1297 393 1311 419 ,
1338 362 1389 406 in
1406 361 1475 407 his
1496 376 1570 407 re·-

554 428 774 493 gionibus

291 496 386 543 Ubi
416 495 598 542 habitet
614 528 628 552 ‚
674 505 722 540 et
752 494 867 540 item
903 495 1105 541 alterum
1136 494 1199 542 ad
1231 495 1377 543 istanc
1411 498 1571 560 capitis

544 567 867 614 albitudinem
885 588 895 614 ε

294 643 535 690 Calliclem
569 641 695 689 aibat
721 642 906 700 vocari,
933 641 1020 704 qui
1048 642 1129 688 has
1153 642 1275 688 mihi
1308 642 1444 690 dedit
1475 644 1575 707 epi-

546 717 695 762 stolas.

649 802 677 835 c
714 801 749 835 Η
786 801 822 835 Α
855 803 890 837 R
928 801 972 836 M
1004 803 1027 837 1
1063 804 1100 837 D
1139 804 1171 838 Ε
1207 802 1247 837 s.

294 864 463 910 Meum
483 874 681 927 gnatum
706 862 783 907 hic
809 861 1010 923 quidem
1037 863 1361 910 Lesbonicum
1390 862 1576 924 quaerit

548 945 597 980 et
623 950 835 980 anucum
865 951 1060 993 meum,

298 1008 437 1076 Quoi
457 1024 544 1071 ego
565 1008 838 1068 liberosque
858 1008 1086 1075 bonaque
1105 1005 1453 1064 comendavi,
1473 1004 1580 1052 Cal-

557 1081 728 1126 liclem.

425 1205 430 1210 ⁸
623 1164 646 1198 s
683 1165 717 1197 Y
756 1164 783 1196 c
819 1165 851 1197 ο
889 1165 918 1197 P
956 1165 991 1198 Η
1027 1165 1063 1198 A
1098 1165 1135 1198 N
1172 1162 1206 1197 Τ
1239 1163 1291 1197 Α.

297 1227 336 1272 F
337 1243 389 1272 ac
406 1243 511 1284 me,
531 1226 567 1271 si
594 1226 700 1282 scis,
725 1225 972 1272 certiorem
986 1260 1000 1283 ,
1024 1225 1130 1271 hice
1150 1225 1372 1272 homines
1395 1223 1479 1270 ubi
1496 1224 1582 1280 ha-⁴

551 1299 730 1355 bitent,
763 1307 907 1358 pater.

657 1394 683 1426 C
718 1393 753 1426 H
793 1393 827 1426 A
864 1393 898 1425 R
933 1394 976 1426 M
1011 1393 1033 1425 Ι
1067 1394 1103 1426 D
1138 1392 1170 1427 E
1205 1390 1246 1426 S·

304 1454 441 1523 Quid
467 1470 542 1499 eos
567 1455 778 1514 quaeris?
796 1465 879 1499 aut
898 1454 1003 1514 quis
1029 1454 1107 1500 es?
1135 1464 1219 1500 aut
1240 1451 1376 1500 unde
1402 1451 1481 1499 es?
1501 1460 1584 1498 aut

556 1527 684 1573 unde
715 1528 938 1574 advenis?

629 1613 651 1646 s
687 1614 721 1646 Y
758 1615 784 1646 c
821 1615 853 1647 o
874 1613 918 1658 ι)
955 1613 991 1646 H
1025 1613 1060 1646 A
1093 1613 1129 1646 N
1165 1612 1197 1646 '1’
1231 1611 1283 1645 A.

304 1676 458 1720 Multa
483 1675 638 1720 simul*
653 1674 842 1738 rogitas!
876 1674 1031 1719 nescio
1064 1672 1185 1734 quid
1211 1669 1462 1734 expediam
1493 1685 1587 1732 po-

554 1748 815 1794 tissumum.

305 1821 354 1868 Si
372 1822 776 1883 unumquidquid
795 1822 1064 1886 singillatim
1092 1832 1140 1868 et
1163 1820 1352 1883 placide
1375 1835 1581 1883 percon-

556 1895 741 1953 tabere,

308 1966 368 2012 Et
399 1983 565 2013 meum
591 1981 772 2012 nomen
789 1999 803 2023 ‚
832 1975 886 2010 et·
909 1980 1016 2011 mea
1044 1962 1192 2021 facta,
1228 1974 1278 2011 et
1305 1963 1468 2011 itinera
1498 1959 1586 2028 ego

562 2039 669 2084 faxo
698 2038 821 2084 scias,

664 2125 691 2156 c
728 2124 762 2156 H
798 2124 832 2158 A
868 2125 903 2159 R
941 2124 985 2157 M
1019 2124 1041 2158 1
1077 2123 1112 2157 D
1148 2124 1180 2158 Ε
1217 2122 1257 2158 ς.
1464 2173 1469 2177 ,

309 2183 490 2230 Faciam
519 2186 581 2232 ita
602 2196 656 2232 ut
681 2186 762 2231 viS.
786 2186 991 2249 agedum
1009 2201 1191 2233 nomen
1213 2196 1353 2232 tuum
1374 2182 1584 2244 primum

560 2275 772 2305 memora
803 2260 937 2306 mihi.

635 2347 1292 2386 SYCOPHANTA.

311 2407 539 2471 Magnum
557 2410 733 2457 facinus
751 2411 970 2472 incipissis
985 2421 1161 2471 petere.
