1630 2866
234 133 332 198 350
489 123 493 126 ’
644 129 1121 182 STICHUS.
1382 151 1523 188 ηις

593 253 1173 292 PANEGYRIS.

960 334 967 344 .
1152 322 1153 325 ’
1424 314 1526 359 Pati

235 382 332 429 Nos
368 355 560 447 opbrtet
580 415 594 439 ‚
629 382 769 443 quod
800 383 880 430 ille
913 382 1079 443 faciat,
1118 385 1290 451 quojus
1319 397 1524 454 potestas

485 457 592 519 plus
618 469 790 526 potest.

659 551 694 585 A
733 553 768 586 N
806 553 838 586 Τ
876 554 898 586 1
933 554 963 587 P
1003 555 1038 587 Η
1078 555 1128 588 ο.

233 611 284 660 Si
303 628 494 659 manere
512 613 589 658 hic
611 629 706 663 sese
726 613 895 664 malint
921 615 1082 677 potius
1096 649 1112 674 ,
1144 631 1291 677 quam
1317 614 1407 660 alio
1433 630 1525 660 nu-

493 687 610 732 bere

231 743 345 799 Non
382 751 566 799 faciant.
602 722 725 814 q⁹uid
762 753 882 801 mihi
915 770 1016 816 opu
1045 754 1100 800 ’st
1131 753 1524 802 decmso'aetatis

488 825 638 887 spatio
671 843 783 872 cum
816 827 878 872 eis

232 902 412 949 Gerere
449 900 633 947 bellum
650 919 663 952 ς
713 918 865 963 quom
901 901 1049 957 nihil,
1097 901 1415 962 quamobrem
1451 901 1522 947 fa<

489 975 639 1030 ciam,
675 977 897 1022 meruisse
926 974 1154 1021 arbitrer?

230 1046 490 1094 Minume!
509 1048 625 1091 nolo
657 1049 828 1092 turbas.
868 1047 952 1093 sed
984 1047 1076 1094 hoc
1109 1046 1229 1094 mihi
1259 1056 1522 1114 optumum

485 1118 612 1164 factu
645 1119 842 1164 arbitror
859 1154 873 1176 ‚

228 1192 521 1255 Principium
547 1210 634 1255 ego
652 1209 754 1254 quo
771 1204 912 1255 pacto
942 1210 1055 1240 cum
1082 1194 1170 1240 illis
1195 1193 1448 1255 occipiam,
1468 1193 1519 1240 id

483 1268 762 1313 ratiocinor:
1307 1261 1309 1263 ’

228 1341 403 1388 Utrum
425 1358 512 1404 ego
532 1341 802 1402 perplexim
831 1344 1048 1390 lacessam
1071 1342 1283 1392 oratione
1303 1343 1364 1388 ad
1385 1343 1518 1389 hunc

480 1413 683 1459 modurn
703 1449 716 1471 ‚

224 1488 658 1557 Quasinumquam
677 1486 1019 1547 quidquam-in
1040 1503 1111 1532 eas
1129 1486 1372 1538 simulem;
1398 1503 1514 1549 qua-

486 1560 518 1605 si
550 1560 669 1604 nihil
699 1559 1011 1606 inaudiverim
1029 1593 1044 1616 ,

223 1634 310 1683 Eas
345 1635 395 1679 in
433 1650 479 1680 se
516 1634 739 1681 meruisse
777 1636 1002 1696 culpam:
1046 1647 1113 1679 an¹
1139 1633 1298 1695 potius
1328 1644 1514 1680 tentem

477 1709 673 1759 lenirem
901 1767 903 1769 Ι

221 1779 298 1830 An
327 1781 610 1828 minaciter?
655 1782 749 1830 scio
793 1781 896 1828 lites
931 1779 1059 1826 fore:
1100 1796 1188 1846 ego
1227 1797 1354 1832 meas
1399 1781 1511 1831 novi

475 1865 692 1915 optume.

612 1949 642 1982 1>
677 1949 699 1981 1
734 1949 769 1985 N
806 1946 839 1980 A
877 1947 903 1980 C
941 1948 961 1980 1
1000 1947 1035 1980 U
1072 1948 1130 1981 M.

217 2014 483 2061 Exorando
498 2050 511 2072 ‚
535 2016 665 2061 haud
687 2015 980 2062 advorsando
1004 2015 1287 2062 sumendam
1317 2025 1509 2076 operam

475 2104 660 2135 censeo.
1350 2096 1353 2097 ⁷

217 2161 428 2209 Gratiam
462 2180 489 2209 a
521 2175 653 2224 patre
685 2163 720 2209 si
750 2164 958 2226 petimus
976 2197 991 2222 ,
1020 2179 1156 2224 spero
1189 2161 1249 2210 ab
1278 2175 1336 2206 eo
1367 2158 1506 2219 in'pe-

475 2247 689 2283 trassere:
1310 2269 1314 2272 -

212 2305 465 2356 Advorsari
496 2310 595 2355 sine
623 2310 860 2357 dedecore
888 2322 936 2356 et
961 2309 1135 2356 scelere
1160 2317 1350 2351 summo
1371 2300 1501 2351 haud

469 2398 731 2446 possumus.
