1630 2866
100 169 226 206 mm
410 152 720 202 ACTUS
770 151 960 200 1.SC.
1010 153 1070 200 V.
1291 165 1386 218 253

100 263 378 312 candidatas
415 263 575 310 venire
607 263 931 322 hostiatasque.
967 261 1029 307 ad
1054 263 1148 309 hoc

20 362 24 363 ⁷
98 337 283 385 fanum
313 336 373 382 ad
401 337 554 383 istunc
580 335 788 381 modum
821 351 924 380 non
949 335 1100 381 veniri
1125 337 1254 383 solet.

454 427 483 460 P
521 427 556 459 A
590 427 620 459 L
661 427 695 459 A
731 428 761 460 E
799 427 821 460 S
860 428 891 460 Τ
930 429 964 462 R
999 428 1047 461 A.

101 491 302 561 Quaene
331 491 503 554 ejectae
526 506 552 534 e
578 489 694 535 mari
722 505 881 534 sumus
904 489 1101 547 ambae,
1130 490 1350 537 obsecro!

99 562 242 609 Unde
270 579 355 608 nos
384 562 554 610 hostias
575 579 707 626 agere
738 564 927 610 voluisti
957 563 1088 610 huc?

98 636 241 683 Nunc
264 637 351 683 tibi
382 638 714 719 amplectimur
740 653 893 719 genua
920 649 1109 702 egentes
1133 654 1316 700 opum,

20 752 25 755 ,
99 711 239 780 Quae
273 711 325 755 in
347 711 459 756 locis
483 711 644 756 nesciis
670 712 823 756 nescia
853 727 933 773 spe
962 728 1122 758 sumus
1139 745 1155 769 ‚

97 781 165 828 Ut
189 794 276 828 tuo
300 783 491 843 recipias
517 795 645 829 tecto
661 819 674 840 ‚
703 799 951 844 servesque
978 800 1064 829 nos
1080 818 1095 841 ‚

98 855 471 918 Miserarumque
504 868 551 903 te
593 857 841 903 ambarum
876 857 948 904 uti
975 858 1220 915 misereat,

101 928 294 998 Quibus
317 946 403 975 nec
426 931 556 975 locus
587 931 711 975 ullus
728 963 743 986 ‚
774 945 862 974 nec
890 945 991 990 spes
1021 941 1179 991 parata
1214 940 1310 987 est,

97 999 270 1061 Neque
300 1001 391 1046 hoc
425 1001 624 1061 amplius
641 1034 655 1057 ,
697 1016 844 1060 quam
874 1001 1011 1061 quod
1042 1001 1202 1059 vides,
1241 1000 1379 1050 nobis

359 1073 627 1135 quidquam
644 1073 711 1118 ’st.

488 1160 510 1193 s
546 1160 581 1192 A
617 1160 644 1191 c
680 1160 710 1192 Ε
749 1140 783 1192 Β
818 1160 854 1192 D
892 1159 924 1192 o
963 1158 1002 1192 s.

95 1218 264 1265 Manus
293 1219 410 1264 mihi
443 1219 573 1270 date;
604 1219 836 1283 exsurgite
866 1236 893 1263 a
915 1217 1115 1282 genibus
1139 1217 1333 1264 ambae.

95 1290 445 1337 Misericordjor
474 1293 606 1336 nulla
636 1307 715 1336 me
750 1303 818 1336 est
851 1290 1148 1337 feminarum.

94 1362 192 1409 Sed
219 1364 295 1408 hic
327 1381 554 1425 pauperes
582 1381 652 1409 res
679 1376 789 1409 sunt
818 1365 1108 1426 inopesque,
1131 1366 1342 1425 puellae:

95 1434 300 1496 Egomet
327 1436 410 1480 vix
438 1436 585 1481 vitam
610 1436 745 1480 colo:
774 1435 949 1482 Veneri
977 1435 1085 1482 cibo
1116 1426 1225 1484 meo

100 1505 278 1552 Servio.

211 1592 232 1600 f
450 1575 1030 1620 AMPE'LISCA.

242 1644 437 1692 Veneris
453 1646 619 1693 fanum
633 1681 647 1704 ,
670 1647 889 1705 obsecro,
908 1647 1001 1693 hoc
1024 1646 1123 1692 est?

485 1740 508 1773 s
545 1741 580 1773 A
615 1741 642 1772 c
678 1742 709 1774 Ε
744 1741 779 1774 R
813 1735 854 1775 D·
888 1741 920 1773 ο
957 1739 993 1773 s.

1068 1793 1249 1839 Fateor.
1283 1810 1370 1858 ego

100 1861 256 1925 Hujus
272 1859 366 1906 fani
387 1863 595 1909 sacerdos
617 1865 767 1910 clueo.
792 1881 987 1922 verum,
1012 1866 1253 1927 quidquid
1272 1878 1370 1926 est,

99 1933 312 1978 Comiter
343 1934 424 1981 fiet
450 1952 477 1980 a
499 1952 578 1981 me
595 1970 610 1993 ‚
641 1937 777 1996 quod
802 1949 960 1984 nostra
984 1939 1120 1999 copia

100 2003 302 2051 Valebit.
334 2005 399 2051 ite
422 2006 507 2052 hac
541 2024 744 2054 mecum.

446 2091 476 2123 P
511 2092 547 2125 A
580 2093 612 2124 1.
646 2092 683 2125 A
715 2094 746 2126 Ε
782 2093 805 2127 s
842 2095 874 2128 Τ
908 2097 943 2129 Β
980 2095 1029 2129 A.

741 2154 906 2200 Amice
937 2156 1241 2220 benigneque

94 2222 346 2273 Honorem
360 2259 374 2283 ‚
402 2234 552 2270 mater
567 2258 581 2282 ‚
611 2236 831 2272 nostmm
857 2220 1011 2274 habes.
1313 2214 1327 2228 ⁰

481 2316 505 2351 S
541 2318 576 2351 A
612 2318 640 2350 C
674 2318 706 2350 E
741 2319 777 2353 R
811 2319 847 2352 D
884 2320 917 2353 0
954 2319 990 2352 S.

1060 2370 1278 2432 Oportet.
