1630 2866
220 124 316 186 418
480 116 1245 167 ARGUMENTUM.

223 234 373 282 verbis.
403 231 490 276 Sed
497 229 642 294 facile
674 227 868 291 defendit
892 243 963 276 se,
997 244 1043 273 re
1068 227 1299 292 explicata.
1330 222 1513 270 Peteba-

224 321 299 354 tur
332 317 473 357 autem
519 305 562 348 in
603 302 926 347 matrimonium
951 301 1062 363 filia
1093 299 1278 345 absentis
1311 299 1422 343 senis
1458 295 1512 341 ab

225 379 486 425 adolescente
509 375 640 420 nobili
673 386 715 420 et
740 374 893 420 divite:
926 374 996 418 cui
1025 383 1238 436 quaerunt
1266 371 1346 416 duo
1365 366 1529 418 senes.⁴

228 448 427 514 quomodo
461 447 596 492 dotem
627 446 730 492 dare
753 447 952 510 possint.
991 461 1086 500 cum
1118 459 1200 492 non
1231 443 1390 489 vellent
1421 441 1514 487 the-

227 539 405 567 saurum
437 520 641 565 indicare.
680 518 741 565 Et
777 519 998 565 devenitur
1025 516 1085 562 ad
1103 515 1343 581 fallaciam
1369 516 1512 565 hanc,

224 606 275 640 ut
307 595 496 655 allegent
519 592 753 655 quendam.
780 595 854 655 qui
879 593 1003 654 quasi
1026 607 1053 636 a
1067 602 1198 655 patre
1222 591 1407 652 virginis·
1432 589 1513 635 ad·-

220 669 395 715 veniat,
433 678 475 711 et
497 683 644 712 aureos
671 664 889 730 Philippos
914 678 1001 714 010
1031 665 1203 728 afferat.
1237 663 1371 710 Hunc
1385 661 1512 728 forte

219 742 390 788 rediens
419 753 520 786 ante
547 741 669 786 aedes
692 742 885 786 convenit
906 741 979 786 ille
998 756 1126 785 senex
1143 750 1274 804 pater
1300 737 1512 799 virginis,

223 828 266 861 et
296 817 478 876 ignarus
508 816 723 863 omnium,
755 814 861 878 quid
876 816 940 860 rei
959 816 1044 862 sit,
1069 814 1271 859 miratur.
1297 811 1418 857 Idem
1442 825 1514 856 co·-

221 891 395 951 gnoscic
426 885 612 934 &micum
643 906 767 934 suum
803 891 950 934 emisse
978 887 1125 936 aedes,
1166 898 1210 932 et
1227 884 1332 950 fert
1357 886 1511 948 inique.

223 963 311 1008 Sed
337 978 436 1008 mox
468 962 659 1007 omnibus
689 962 948 1024 exploratis,
981 973 1022 1006 et
1035 959 1176 1024 fidem
1202 959 1322 1009 illius
1348 957 1514 1002 collau-

225 1034 332 1081 dat,
370 1044 413 1078 et
432 1033 587 1096 filiam
619 1031 876 1076 adolescenti
908 1032 1007 1079 illi,
1050 1033 1121 1076 cui
1151 1042 1248 1077 erat
1278 1029 1510 1093 desponsa«.

224 1105 385 1154 tradit:
422 1115 465 1150 et
475 1104 579 1168 filio
609 1105 808 1165 ignoscit.
