1598 2814
205 187 298 235 Ma
429 153 1242 220 TRUCnLENTUs
1356 173 1481 221 mm

203 282 302 328 Ubi
330 281 428 337 sine
461 281 624 327 labore
655 297 727 326 res
757 280 853 344 geri
882 280 1078 340 pulchre
1103 282 1291 342 potest,

201 354 280 401 Ad
296 370 435 400 suum
454 369 701 414 quemque
719 369 928 414 aequom
939 353 994 399 'st
1011 364 1261 415 quaestum
1281 369 1375 401 esse
1392 352 1486 401 calss-

454 426 624 471 lidum.

556 513 592 545 D
636 512 656 544 1
693 513 727 545 N
765 511 799 544 A
836 512 870 546 R
905 513 934 545 C
970 512 1005 545 H
1039 511 1075 546 U
1100 511 1147 551 *S-
1322 543 1328 548 .

199 573 338 644 Quid
364 590 443 620 me
471 573 693 620 futurum
715 574 798 630 ’st,
835 573 1032 634 quando
1060 574 1194 619 miles
1223 572 1444 620 venerit?

202 648 474 696 Relictusne
503 648 584 693 abs
608 658 657 693 te
682 647 873 693 vivam?
1213 699 1218 703 .

527 711 1195 768 PHRoNEstuM.

861 795 978 841 ,Ubi
1006 796 1130 842 illud
1146 830 1162 854 ‚
1192 795 1329 858 quod
1347 796 1490 855 volo3

198 871 406 918 Habebo
431 870 491 916 ab
518 870 627 927 illo,
656 869 805 933 facile·
818 869 1086 927 inveniam,
1120 869 1376 931 quomodo

198 944 475 991 Divortium
509 954 557 989 et
589 942 873 989 discordiam
903 943 1026 988 inter
1053 958 1140 988 nos
1171 959 1366 1004 parem:

199 1016 417 1062 Postidea
431 1033 518 1079 ego
536 1027 638 1062 tota
651 1028 840 1073 tecum,
855 1032 961 1061 mea
974 1016 1387 1077 voluptaS,usque
1404 1029 1485 1060 ero
1522 1035 1542 1059 ο

201 1090 414 1137 Assiduo.

559 1165 1143 1201 DINARCHUS.

427 1228 587 1274 Immo
616 1227 774 1273 hercle
799 1243 913 1273 vero
934 1226 1157 1272 accubuo
1173 1225 1409 1273 mavelim.

527 1320 1199 1360 PHRONESJUM.

201 1383 342 1452 Quin
358 1382 460 1428 Diis
483 1383 750 1429 sacruficare
776 1381 922 1428 hodie
949 1398 1038 1443 pro
1066 1397 1217 1443 puero
1239 1383 1358 1431 vole

205 1458 396 1526 Quinto
428 1456 504 1503 die
525 1494 538 1516 ,
569 1457 708 1518 quod
734 1457 834 1503 fieri
866 1467 1074 1518 oportet.

562 1543 600 1576 D
637 1543 660 1575 1
695 1543 730 1576 N
768 1543 804 1575 A
838 1543 873 1576 R
908 1542 935 1573 c
970 1541 1007 1574 H
1042 1541 1078 1574 U
1114 1540 1150 1575 s.

1106 1601 1303 1649 Censeo.

528 1685 1259 1731 PHRONESIUM..

202 1750 317 1796 Non
348 1746 491 1794 audes
517 1746 718 1808 aliquod
750 1745 859 1791 dare
893 1746 1014 1791 mihi
1043 1746 1423 1794 munusculum?

563 1843 598 1875 D
635 1842 656 1874 1
693 1842 728 1874 N
765 1840 799 1873 Λ
836 1841 871 1873 R
906 1841 933 1872 c
973 1841 1008 1873 H
1045 1841 1081 1873 U
1118 1840 1156 1873 s.
1376 1880 1378 1882 v
1506 1880 1509 1882 ,

203 1907 418 1952 Lucrum
435 1903 594 1950 hercle
611 1901 775 1948 videor
793 1899 942 1947 facere
957 1900 1100 1965 mihi,
1116 1901 1334 1962 voluptas
1354 1916 1486 1960 mea,

205 1979 300 2026 Ubi
323 1979 575 2040 quidpiam
605 1991 684 2020 me
713 1974 878 2035 poscis.

532 2062 560 2094 P
597 2047 632 2123 H
668 2061 702 2094 R
738 2060 771 2093 o
806 2061 841 2093 N
875 2059 906 2092 Ε
944 2058 967 2093 s
1003 2058 1026 2091 1
1062 2058 1100 2091 U
1134 2058 1194 2092 Μ.

904 2120 968 2166 At
999 2136 1112 2184 ego,
1136 2119 1222 2165 ubi
1248 2117 1427 2165 abstuli.

569 2207 604 2239 D
641 2207 662 2239 Ι
699 2207 732 2239 Ν
769 2205 803 2238 A
843 2207 876 2239 R
913 2206 939 2237 c
977 2205 1011 2237 H
1050 2203 1085 2236 U
1121 2203 1158 2237 s.

203 2270 312 2327 Jam
330 2268 439 2314 faxo
459 2268 535 2313 hic
554 2267 719 2312 aderit.
740 2267 980 2312 servolum
998 2264 1094 2309 huc
1111 2262 1298 2308 mittam
1309 2276 1491 2307 meum.

535 2362 565 2396 P
604 2361 639 2395 H
677 2363 711 2395 R
747 2362 780 2395 Ο
815 2360 913 2395 ΝΕ
951 2359 974 2393 S
1010 2359 1031 2392 1
1067 2356 1103 2389 U
1137 2354 1195 2389 Μ.

210 2413 487 2469 δίοἱειείῖο.,
