1630 2866
101 189 229 237 «95
428 168 720 218 ACTUS
768 168 807 214 1.
859 166 968 215 SC.
1018 158 1092 217 V.'
1294 153 1390 230 *1735*

102 351 361 403 Excludito
384 351 502 398 mihi
527 287 929 404 hercslelogfflulgm,
949 346 986 391 si
1007 343 1201 392 ‘dedero'

459 439 1057 478 PSEUDOLUS.

1229 488 1388 542 Dabis·

93 566 206 628 jam
240 565 347 610 dico
366 596 380 620 ,
406 572 463 607 ut
490 578 517 606 a
539 575 619 605 me
646 574 818 606 caveas.

495 653 522 686 c
559 654 597 688 A
629 655 661 687 1.
698 653 730 686 L
766 652 788 685 1
822 651 852 684 P
887 650 925 683 Η
958 649 1005 683 ο.

840 711 979 758 Certe
1011 709 1183 773 edepol
1206 711 1323 756 scio:

105 793 156 840 Si
179 790 420 840 abstuleris
435 789 648 849 ‚mirum
664 798 713 835 et
730 802 958 851 magnum
976 785 1154 832 facinus
1174 783 1349 832 feceris.

312 916 316 928 ,
460 884 492 918 P
528 883 551 917 s
590 883 621 915 E
658 881 694 915 u
727 883 766 916 D
804 881 909 916 0·1.
943 881 980 916 U
1017 881 1056 916 s,

104 938 305 986 Faciam.
975 947 977 949 ·

620 1012 656 1046 S·
682 1012 705 1045 Ῐ
742 1012 787 1046 Μ
823 1012 872 1046 0.

300 1072 351 1122 Si
370 1088 473 1120 non
500 1071 741 1118 abstuleris
758 1072 782 1116 ?

459 1156 490 1190 P
526 1155 551 1190 S
585 1155 618 1189 E
654 1155 691 1189 U
726 1156 767 1190 D
804 1155 837 1188 Ο
872 1153 904 1188 I.
940 1153 977 1187 U
1012 1153 1052 1187 S.

785 1214 938 1280 Virgis
970 1214 1173 1262 caedito.

107 1279 204 1329 Sed
228 1280 377 1343 quid,
405 1281 441 1327 si
466 1281 700 1327 abstulero
714 1280 737 1326 ?

563 1383 569 1394 ,»
622 1364 645 1399 s
679 1366 702 1398 1
740 1365 784 1398 M
822 1365 872 1397 o.
1035 1406 1039 1411 .

128 1485 130 1489 Ι
756 1426 837 1472 Do
852 1425 1027 1483 jovem
1054 1434 1223 1471 testem
1246 1423 1363 1481 tibi,

112 1489 185 1546 Te
213 1509 415 1546 aetatem
442 1499 624 1562 inpune
650 1498 942 1545 habiturum.
1230 1504 1235 1508 ’

464 1593 494 1626 Ρ
531 1593 553 1627 s
591 1593 622 1626 Ε
659 1593 695 1626 U
729 1594 766 1626 D
805 1592 838 1624 o
877 1593 908 1624 L
946 1590 981 1623 U
1019 1589 1058 1624 s.

807 1651 998 1708 Facito,
1026 1660 1083 1696 ut
1109 1647 1396 1694 memineris,

628 1737 652 1772 s
688 1739 710 1770 1
747 1738 791 1771 M
827 1738 876 1771 ο.

115 1792 264 1860 Egeri*
286 1809 345 1844 ut
376 1814 538 1846 cavere
570 1813 838 1859 nequeam,
870 1797 990 1858 quoi
1020 1794 1304 1859 praedicitur
1319 1793 1342 1839 ?

472 1892 503 1925 P
544 1891 568 1925 s
603 1892 635 1924 E
671 1890 707 1923 U
742 1891 781 1923 D
818 1891 852 1923 o
888 1890 920 1922 1.
957 1889 993 1922 U
1029 1889 1067 1922 s.

117 1947 364 2007 Praedioe,
390 1961 449 1996 ut
477 1966 635 2010 caveas
652 1969 666 1997 ι
697 1951 807 1998 dico
821 1985 837 2008 ‚
868 1951 1067 2011 inquam
1080 1983 1096 2008 ,
1123 1959 1180 1996 ut
1206 1964 1388 1995 caveas:

369 2037 495 2069 cave.

117 2093 266 2141 Hem!
283 2093 377 2139 istis
391 2094 509 2139 mihi
521 2105 576 2140 tu
590 2095 738 2142 hodie
750 2097 969 2143 manibus
982 2106 1231 2159 argentum
1247 2095 1393 2141 dabis.

188 2188 194 2192 ·
467 2166 1126 2222 ἐ.ΑΙ.Ι.1ΡΗο.’
1400 2179 1403 2181 ’

121 2248 310 2312 Edepol
329 2248 582 2294 mortalem
603 2247 906 2310 graphicum,
927 2248 964 2292 si
985 2259 1133 2295 servat
1154 2247 1334 2293 fidem!

451 2386 464 2399 ⁶
480 2340 510 2374 P
546 2340 572 2373 s
603 2341 634 2372 E
670 2340 706 2372 U
741 2341 777 2373 D
813 2340 846 2373 o
881 2339 913 2372 1.
948 2340 985 2372 11
1022 2340 1060 2373 s.

125 2399 365 2450 Servitum
396 2403 485 2449 tibi
520 2418 599 2449 me
625 2401 859 2449 abducito>
871 2435 887 2462 ‚
919 2402 971 2448 ni
992 2401 1161 2448 fecero.

1106 2475 1208 2537 L3
