1630 2866
122 190 246 239 v.66
439 188 710 238 ACTUS
758 191 871 238 111.
913 192 1013 241 SC.
1066 195 1102 242 Ι.
1303 198 1392 257 187

475 315 503 347 c
539 314 572 348 A
607 315 637 348 1.
674 314 694 347 1
729 315 764 347 D
803 314 836 347 o
873 315 906 349 R
941 314 975 348 U
1010 314 1048 349 S.

87 375 89 377 ’
124 373 258 444 Quid
283 389 413 423 nunc
436 375 579 438 igitur
602 386 773 420 stamus
788 374 810 419 ?

475 461 503 494 P
541 460 563 494 s
598 461 628 493 Ε
666 460 702 492 u
739 461 775 492 D
812 461 845 494 o
880 461 911 494 L
948 460 983 494 U
1017 459 1056 494 s.

424 520 686 567 Hominem
717 535 833 565 cum
864 520 1148 567 ornamentis
1175 520 1398 568 omnibus

125 591 420 640 Exomatum
454 592 680 638 adducite
714 592 775 638 ad
806 609 886 639 me
906 594 1009 657 jam
1036 593 1098 640 ad
1126 594 1399 655 trapezitam

170 676 174 681 ·
373 665 674 732 Aeschinum.

124 733 217 785 Sed
242 748 506 799 properate.

516 823 544 855 c
583 823 617 856 Η
654 822 686 856 A
724 824 758 856 R
791 822 813 855 1
849 823 883 856 Ν
921 822 955 855 u
990 822 1028 855 s.

314 883 447 929 Prius
478 883 573 928 illic
606 883 807 939 erimus,
828 897 976 943 quam
999 894 1066 928 tu.

475 968 506 1002 1³
542 965 565 1001 S
600 968 631 1003 E
667 968 704 1001 U
738 968 775 1001 D
815 968 848 1001 Ο
881 960 911 1001 Σ
948 966 986 1000 U
1022 968 1058 1001 S.

164 1084 174 1087 s
958 1027 1104 1074 Abite
1124 1043 1235 1092 ergo
1253 1029 1396 1077 ocius·

123 1097 381 1170 Quidquid
399 1099 564 1145 incerti
582 1099 701 1145 mihi
718 1099 768 1144 in
784 1100 945 1147 animo
962 1100 1116 1163 prim,
1142 1113 1225 1147 aut
1246 1102 1400 1149 ambi-

372 1186 521 1235 guum
549 1172 640 1219 fuit
652 1189 673 1229 ·,

122 1241 264 1290 Nunc
278 1243 431 1304 liquet
442 1277 457 1301 ‚
474 1260 607 1291 nunc
624 1242 919 1293 defaecatum
936 1246 1009 1291 ’st:
1035 1262 1121 1292 cor
1133 1246 1252 1293 mihi
1269 1262 1401 1293 nunc

380 1318 602 1378 pervium
620 1317 689 1363 ’st.

124 1389 294 1435 Omnis
324 1390 510 1436 ordines
529 1391 617 1436 sub
640 1391 775 1454 signis
796 1391 995 1449 ducam,
1018 1392 1223 1457 legiones
1241 1408 1394 1449 meas,

89 1473 93 1477 ’
122 1458 215 1505 Avi
231 1460 431 1518 sinistra,
451 1462 655 1522 auspicio
669 1462 881 1522 liquido,
901 1475 1044 1524 atque
1063 1480 1123 1511 ex
1140 1463 1393 1509 sententia:

124 1529 430 1578 Confidentia
448 1531 504 1577 'st
521 1533 735 1579 inimicos
756 1549 887 1579 meos
903 1551 982 1579 me
999 1551 1133 1596 posse
1150 1534 1367 1595 perdere.

122 1601 266 1650 Nunc
297 1604 380 1650 ibo
405 1604 468 1650 ad
502 1604 666 1653 forum
680 1639 696 1663 ‚
721 1616 866 1666 atque
892 1607 1100 1653 onerabo
1122 1606 1239 1652 meis
1270 1621 1403 1667 prae-

377 1678 523 1740 ceptis
551 1677 772 1735 Simiam,

126 1751 264 1821 Quid
290 1762 393 1816 agat
408 1786 422 1809 ,
443 1768 505 1797 ne
539 1752 660 1813 quid
676 1751 876 1811 titubet,
900 1752 1042 1800 docte
1061 1762 1117 1799 ut
1140 1749 1261 1798 hanc
1284 1750 1400 1799 ferat

323 1868 326 1876 ,
376 1824 618 1872 fallaciam·
654 1826 658 1831 ’

119 1894 228 1955 jam
253 1911 341 1961 ego
365 1897 459 1944 hoc
481 1899 640 1960 ipsum
670 1899 909 1962 oppidum
934 1910 1260 1965 expugnatum
1289 1898 1402 1944 faxo

380 1970 470 2016 erit
502 1972 764 2020 lenonium.

407 2097 855 2158 ACTUS
945 2102 1135 2160 111.

553 2213 981 2264 SCENAJ.

639 2345 670 2378 P
707 2346 746 2379 15
779 2347 810 2380 Ε
844 2347 890 2381 R.

137 2353 370 2520 QUOI
405 2420 676 2468 servitutem
708 2422 790 2469 Dii
821 2422 1005 2471 danunt
1034 2425 1274 2473 lenoniam
