1630 2866
82 168 178 211 v.7
410 153 696 202 ACTUS
730 154 789 203 V.
840 153 942 204 SC.
996 158 1094 206 IV.
1269 179 1360 222 407

86 264 288 313 Nosmet
302 264 426 312 inter
443 280 530 311 nos
550 264 892 322 ministremus,
907 265 1247 327 monotrophe.
1269 265 1364 313 hoc

337 338 616 385 convivium
645 349 715 384 est

85 413 179 461 Pro
218 414 391 476 opibus
429 413 596 460 nostris
626 413 730 459 satis
757 412 1097 471 commodule,
1131 413 1333 460 nucibus
1349 446 1364 471 ,

340 484 508 532 fabulis
518 520 532 543 ,
552 485 702 532 ficulis
716 517 732 543 ,

86 557 209 604 Olea
233 559 282 603 in
308 559 485 621 tryblio
498 593 513 616 ,
542 558 698 620 lupini
726 557 1007 604 conminuto
1032 558 1254 604 cmstulo.

86 629 166 676 Sat
188 642 268 677 est.
294 647 427 677 servo
445 631 630 696 homin}
647 630 864 677 modeste
885 630 1051 677 melius
1065 629 1215 678 facete
1236 646 1363 677 sum·-

340 715 446 750 tum
461 739 475 761 ‚
495 721 643 766 quam
667 703 895 766 ampliter.

88 775 243 823 Suum
257 792 504 839 quemque
523 778 674 824 decet.
691 776 863 839 quibus
880 775 1071 823 divitiae
1087 775 1222 823 domi
1237 787 1365 835 sunt,

339 851 530 913 scaphio
559 862 607 898 et
633 851 863 898 cantharis

90 922 279 969 Batiolis
300 923 502 970 bibunt:
530 937 577 971 at
606 941 694 970 nos
715 885 1102 977 nostrojffimiolo
1126 923 1315 985 poterio

88 996 275 1045 Tamen
300 999 529 1046 vivimus:
563 1015 651 1044 nos
684 1009 847 1044 tamen
884 999 1110 1045 efficimus
1144 1015 1234 1060 pro
1265 998 1367 1060 opi-

339 1071 430 1118 bus
458 1082 614 1117 nostra
636 1070 839 1117 moenia.

441 1169 466 1204 s
502 1168 538 1202 A
574 1167 607 1202 G
642 1168 679 1204 A
713 1170 748 1204 R
782 1168 803 1201 1
836 1169 871 1202 N
906 1163 943 1202 σ
979 1169 1018 1203 s.

86 1207 279 1283 Amioee
302 1245 409 1282 uter
435 1236 600 1282 utrubi
630 1216 1001 1282 accumbamus?

507 1326 529 1361 s
566 1329 599 1363 'r
634 1326 657 1362 1
692 1331 719 1363 c
754 1329 790 1362 H
824 1327 861 1362 U
898 1329 939 1363 s.

812 1397 908 1444 Abi
937 1410 993 1444 tu
1014 1414 1123 1444 sane
1144 1399 1367 1460 superior.

90 1469 253 1530 Atque
274 1469 393 1516 adeo
415 1479 471 1515 ut
489 1479 546 1514 tu
567 1469 679 1515 scire
702 1471 874 1531 possis,
897 1469 1077 1517 factum
1090 1473 1191 1534 Kego
1210 1483 1371 1516 tecum

342 1542 435 1588 hoc
457 1542 637 1588 divido.

92 1614 243 1674 Vide,
277 1626 433 1662 unam
467 1615 554 1661 tibi
583 1615 703 1662 libet
734 1616 997 1663 etiamnum
1024 1633 1222 1680 capere,
1253 1634 1367 1680 cape

342 1703 647 1749 provinciam.

450 1781 473 1816 s
508 1782 544 1815 A
579 1781 613 1815 G
647 1781 684 1816 A
718 1783 754 1818 R
787 1758 809 1817 i
843 1780 878 1818 Ν
912 1783 948 1818 u
986 1784 1023 1818 s,

95 1851 233 1921 Quid
264 1852 384 1899 istuc
415 1863 483 1899 est
508 1853 816 1914 ptovinciae?

517 1945 541 1979 s
579 1946 611 1979 Τ
646 1947 669 1979 1
706 1947 734 1979 c
769 1946 805 1978 Η
841 1946 877 1979 U
912 1946 950 1981 s.

610 2020 614 2022 ’
656 2013 832 2061 Utrum
850 2015 1091 2063 Fontinali
1117 2033 1179 2065 an
1200 2017 1373 2066 Libero

94 2086 358 2148 Imperium
387 2096 434 2131 te
463 2085 678 2132 inhibere
705 2088 885 2135 mavis?
991 2104 995 2107 ’

453 2179 1035 2218 sAGARINUS.

795 2248 959 2296 Nimio
979 2252 1168 2312 liquido
1192 2253 1378 2301 Libero.

94 2317 190 2369 Sed
214 2321 361 2368 amica
392 2336 497 2365 mea
526 2331 574 2366 et
601 2330 685 2366 tua
720 2319 841 2368 dum
870 2335 1056 2382 comat,
1060 2325 1300 2388 dumque
1325 2343 1374 2374 se

354 2405 581 2452 exornat,
611 2410 698 2443 nos
726 2396 839 2444 volo

1022 2470 1062 2518 C
1079 2487 1104 2517 c
1137 2487 1167 2532 4
