1598 2814
89 191 216 236 v.53
351 173 643 222 ACTUS
696 173 795 220 IV.
846 172 952 220 SC.
1001 174 1118 220 ΙΙΙ.
1276 175 1368 234 569

91 279 187 327 Sed
212 280 333 341 quid
360 297 447 344 ego
479 281 554 327 hic
588 281 776 327 clamo?
809 281 931 342 quid
954 281 989 326 si
1015 297 1094 327 me
1110 281 1277 344 jubeat
1297 282 1371 327 in-

347 353 630 400 tromittier?

94 423 377 486 Conceptis‚
409 443 487 471 me
518 442 616 472 non
642 426 908 485 facturum,
937 428 1089 475 verbis
1115 427 1304 491 jurem,
1336 426 1372 471 si

351 498 478 544 velit.

96 568 261 632 Nugae
290 571 421 616 sunt!
454 572 489 616 si
513 573 724 620 stimulos
753 573 923 637 pugnis
946 573 1097 620 caedis
1114 607 1128 630 ‚
1154 573 1373 620 manibus

351 645 458 706 plus
489 645 634 691 dolet.
1132 660 1135 662 ’

82 716 171 763 ‘De
197 716 347 763 nihilo
369 717 437 763 illi
454 729 521 764 est
539 719 691 775 irasci,
712 735 835 779 quae
851 730 899 764 te
918 734 1018 764 non
1038 717 1173 763 flocci
1193 716 1313 762 facit.

95 788 191 836 Sed
210 790 333 850 quid
361 791 454 836 hoc
479 791 577 836 est?
607 808 694 852 pro
713 791 794 838 Dii
813 793 1107 880 inmortales!
1134 790 1375 837 Calliclem

355 865 496 911 video
527 882 688 911 senem
707 901 720 923 ‚

97 936 232 983 Meus
257 938 341 999 qui
364 938 508 984 affinis
529 938 643 997 fuit,
661 940 845 987 ancillas
870 940 983 985 duas
1000 937 1266 983 constrictas
1288 937 1377 982 du·-

348 1026 455 1056 cere
473 1045 487 1068 ,

97 1079 309 1128 Alteram
326 1084 602 1130 tonstricem
615 1085 697 1148 huj
705 1101 779 1141 uS,
795 1086 986 1131 alteram
999 1085 1215 1131 ancillam
1232 1099 1377 1128 suam.

96 1154 327 1201 Pertimui
346 1191 360 1214 ‚
390 1168 648 1218 postquam
670 1175 765 1204 una
791 1175 901 1205 cura
925 1176 1006 1205 cor
1033 1175 1199 1205 meum
1226 1157 1381 1203 movit

357 1230 520 1276 modo.

97 1299 300 1360 Timeo,
333 1318 396 1347 ne
426 1303 670 1353 malefacta
698 1304 894 1365 antiqua
929 1321 1035 1350 mea
1062 1303 1155 1349 sint
1188 1303 1382 1349 inventa

358 1390 532 1420 omnia.

437 1513 822 1560 SCENA
903 1515 1059 1559 III.

123 1640 1363 1682 GALLIGLES,ANCILLAE‚

264 1719 269 1723 ’
453 1723 1040 1763 DINARCHUS.

414 1845 1034 1895 *CALLICLEs

105 1897 369 2007 EGONE
401 1959 489 2005 tibi
517 1963 639 2007 male
666 1963 847 2019 dicam,
885 1974 965 2008 aut
996 1964 1084 2009 tibi
1118 1964 1237 2010 adeo
1268 1968 1391 2012 mile

358 2033 542 2078 velim?
579 2047 634 2081 ut
661 2037 843 2082 animus
870 2054 983 2082 meu
1001 2038 1079 2092 'st‚

107 2103 469 2164 Propemodum
487 2119 706 2166 expertae
726 2109 827 2154 estis
839 2143 853 2164 ,
885 2126 1031 2169 quam
1048 2127 1135 2174 ego
1153 2111 1240 2156 sim
1259 2112 1384 2158 mitis

362 2180 735 2240 tranquillusque
764 2182 924 2227 homo.

107 2243 327 2310 Rogitavi
345 2265 431 2312 ego
450 2267 533 2296 vos
550 2253 843 2300 verberantes
871 2267 918 2300 et
939 2256 1201 2316 pendentes
1218 2259 1383 2304 simul:

110 2316 445 2376 Conmemini,
475 2338 574 2382 quo
606 2325 823 2386 quidque
845 2339 984 2388 pacto
1005 2328 1098 2374 sitis
1126 2329 1382 2380 confessae:

359 2407 467 2438 scio.
