1630 2866
99 199 228 246 294
294 211 297 214 ·
356 180 648 230 ACTUS
698 180 798 228 IV.
841 178 952 227 SC.
997 180 1139 229 V11.
1290 190 1385 242 921

554 301 929 336 BALLIO.

94 369 349 433 Responde
382 370 579 416 obsecro
612 371 766 420 hercle
795 371 889 416 hoc
919 386 1035 420 vero
1066 371 1212 430 serio,
1243 371 1382 433 quod

349 455 398 490 te
424 460 568 507 rogo:

93 517 237 588 Quid
252 535 400 564 meres
411 518 433 562 Ρ
457 519 688 578 quantillo
706 529 899 583 argento
916 529 965 564 te
985 516 1218 564 conduxit
1233 517 1380 576 Pseu-1>

350 591 524 637 dolus?

539 676 576 709 Η
610 675 645 708 A
682 676 716 709 R
753 676 782 709 P
823 675 860 710 A
893 676 945 711 x.

94 743 202 813 Qui
229 743 328 790 istic
356 742 596 790 Pseudolu
615 743 702 789 ’st?

542 836 571 867 B
611 834 648 867 A
682 834 712 868 L
746 834 777 867 Ι,
811 835 835 867 1
872 834 923 868 ο.

365 902 645 963 Praeceptor
669 912 803 958 tuu5‚
828 901 913 961 qui
939 911 988 947 te
1004 901 1122 947 hanc
1147 902 1373 954 fallaciam

88 974 270 1021 Docuit
285 1009 301 1033 ,
326 966 392 1021 'ut
423 975 607 1021 fallaciis
636 975 747 1021 hinc
774 991 801 1019 a
826 991 907 1020 me
937 964 1192 1023 mulierem
1219 978 1375 1025 abdu-

343 1064 481 1094 ceres.

530 1124 566 1157 H
601 1125 636 1157 A
672 1126 707 1159 R
742 1125 771 1157 P
807 1125 843 1158 A
881 1125 933 1159 X.

89 1193 257 1264 Quem
288 1203 345 1240 tu
375 1194 667 1240 Pseudolum
683 1229 697 1251 ‚
740 1211 856 1255 quas
887 1206 944 1240 tu
981 1196 1096 1241 mihi
1129 1198 1370 1260 praedicas
1459 1243 1461 1245 ,

214 1321 217 1333 1
336 1268 531 1314 fallacias
548 1269 570 1314 Ξ)

82 1340 250 1410 Quem
269 1357 353 1405 ego
374 1342 624 1387 hominem
640 1342 816 1388 nullius
834 1343 998 1389 coloris
1016 1345 1143 1391 novi.

543 1442 572 1474 B
611 1443 647 1474 A
681 1443 713 1475 L
747 1436 779 1476 1.
812 1444 835 1476 1
873 1444 921 1476 o.

871 1503 984 1549 Non
1006 1515 1062 1549 tu
1079 1500 1219 1551 istinc⁴
1232 1508 1326 1552 abis
1339 1508 1364 1553 ?

83 1573 216 1620 Nihil
241 1584 310 1620 est
338 1573 482 1619 hodie
508 1574 583 1619 hic
612 1574 910 1636 sycophantis
942 1589 1185 1636 quaestus:
1211 1581 1358 1639 proin'

330 1659 388 1694 tu
415 1648 649 1694 Pseudolo

78 1720 306 1778 NuntieS,
326 1720 575 1801 abduxisse
597 1722 742 1767 alium
760 1721 1011 1783 praedam,
1045 1723 1131 1784 qui
1157 1726 1360 1773 oc'currit

364 1809 458 1839 not

76 1854 282 1918 Harpax.
328 1809 362 1854 p

527 1938 562 1971 H
599 1939 634 1979 A
669 1939 703 1972 R
738 1939 766 1972 P
803 1939 838 1972 A
872 1939 920 1973 x.

206 2002 251 2047 Is
273 2003 470 2063 quidem
492 2006 663 2068 edepol
679 2007 870 2068 Harpax
889 2025 976 2072 ego
995 2025 1113 2056 sum.

443 2104 896 2155 ABALLIO.

786 2175 944 2222 Immo
968 2177 1139 2238 edepol
1162 2195 1253 2223 esse
1272 2181 1352 2226 vis.

75 2239 224 2287 Purus
243 2250 386 2303 putus
404 2241 479 2287 hic
497 2243 784 2305 sycophanta
803 2258 884 2292 est.

525 2342 562 2377 Η
598 2343 632 2377 A
668 2345 703 2377 R
738 2344 766 2376 P
802 2345 837 2377 A
871 2345 919 2378 x.

688 2405 790 2470 Ego
815 2406 904 2453 tibi
933 2419 1180 2472 argentum
1209 2411 1350 2472 dedi,
