1630 2866
73 169 204 214 ης
381 118 671 198 Arnus
721 148 970 199 1v.sc.
1023 151 1063 196 1.
1259 163 1353 210 395

335 266 1117 303 PAMPHILIPPUS„

78 330 313 379 Videlicet
331 346 528 393 parcum
545 331 684 376 illum
701 330 837 377 fuisse
854 345 1040 386 senem,
1056 328 1143 390 qui
1162 328 1352 375 dixerit:

78 405 326 474 Quoniam
351 405 431 450 ille
448 404 516 449 illi
538 403 816 465 pollicetur,
837 404 923 464 qui
942 419 1057 450 eum
1081 402 1246 450 cibum
1270 420 1362 466 po-

334 480 554 540 poscerit.

502 563 538 596 A
571 563 604 597 N
641 563 672 596 Τ
708 563 729 596 1
765 563 794 597 P
831 562 866 596 Η
903 561 952 596 Ο.

84 623 320 671 Videlicet
339 623 475 670 fuisse
493 623 627 670 illum
649 638 861 685 nequam
881 623 1260 682 adulescentem,
1281 623 1369 685 qui

331 697 459 744 illico
475 731 491 755 ,

82 769 178 816 Ubi
207 771 285 816 ille
310 771 488 832 poscit,
519 769 772 834 denegavit
799 786 846 816 se
865 769 976 815 dare
993 784 1192 833 gtanum
1215 769 1369 815 tritici.

82 842 278 902 Hercle,
295 843 407 904 quia
425 859 633 904 aequom
648 842 924 905 postulabat
939 841 1020 887 ille
1036 858 1181 888 senex
1192 877 1206 899 ,
1221 858 1372 904 quan-

339 915 608 977 doquidem
909 919 929 922 *⁷

84 989 227 1036 Filiae
242 989 351 1036 illae
366 989 562 1035 dederat
575 988 767 1045 dotem,
789 989 997 1050 accipere
1016 1004 1109 1050 pro
1126 987 1333 1034 tibicina.

345 1064 1123 1114 fiAMPHILIPPUs.

86 1143 285 1200 Hercle,
311 1142 391 1188 ille
426 1142 629 1204 quidem
651 1153 781 1188 certo
804 1142 1075 1189 adulescens
1095 1141 1237 1189 docte
1259 1158 1372 1191 vor-

340 1227 470 1266 sutus
500 1215 592 1262 fuit
612 1251 628 1274 ‚

86 1287 189 1358 Qui
220 1288 318 1334 seni
338 1288 407 1334 illi
429 1288 748 1335 concubinam
773 1288 884 1335 dare
903 1287 1117 1334 dotatam
1134 1288 1307 1334 noluit.

512 1376 547 1408 A
583 1376 618 1408 N
656 1376 687 1408 'r
724 1376 746 1408 1
780 1376 810 1408 P
846 1376 881 1408 H
919 1367 969 1408 o.

89 1432 246 1479 Senex
268 1434 469 1493 quidem
493 1432 674 1489 voluit,
696 1434 732 1478 si
754 1445 911 1494 posset
927 1432 1144 1494 indipisci
1161 1434 1223 1478 de
1239 1433 1377 1479 cibo.-

93 1506 224 1574 Quia
244 1507 441 1566 nequit;
466 1523 562 1566 qua
574 1507 679 1570 lege
696 1507 854 1563 licuit,
880 1507 1003 1560 velle
1022 1507 1145 1551 dixit
1167 1507 1279 1552 fieri.

93 1577 220 1623 Fiat!
246 1578 326 1622 ille
343 1577 502 1637 inquit
528 1577 809 1625 adulescens.
830 1578 938 1625 facis
954 1579 1182 1643 benigne!
1213 1579 1375 1640 inquit

349 1668 508 1698 senex.

94 1724 310 1771 Habeon'
331 1740 434 1770 rem
462 1723 665 1770 factam?
682 1724 860 1787 inquit.
882 1724 1051 1771 faciam
1071 1725 1161 1783 ita,
1192 1726 1379 1787 inquit,

355 1807 412 1842 ut
444 1796 544 1842 fieri
567 1798 710 1851 voles.

96 1869 193 1918 Sed
216 1885 303 1934 ego
326 1869 409 1915 ibo
434 1869 587 1928 int10,
618 1882 666 1917 et
685 1871 953 1936 gramlabor
969 1883 1183 1919 vostrum
1201 1871 1385 1928 adven-q

350 1953 458 1988 tum
490 1943 607 1989 filiis.
694 1967 699 1972 ·

98 2015 264 2061 Postea
297 2014 380 2060 ibo
412 2015 634 2061 lavatum·
658 2016 708 2061 in
738 2018 964 2079 pyelum:
999 2018 1068 2065 ibi
1099 2015 1276 2063 fovebo
1311 2032 1384 2071 ses

350 2098 595 2133 nectutem
619 2105 793 2134 meam.

99 2160 212 2206 Post
230 2159 315 2206 ubi
333 2161 491 2206 lavero
507 2194 522 2217 ,
545 2160 720 2206 otiosus
736 2177 821 2207 vos
839 2162 1055 2223 opperiar
1075 2162 1318 2207 accubans,

362 2253 1146 2289 PAMPHILIPPUS.

104 2313 399 2377 Graphicum
419 2314 669 2360 mortalem
683 2312 1033 2375 Antiphonem!
1057 2325 1112 2361 ut
1126 2316 1380 2380 apologum

356 2389 494 2449 fecit,
518 2405 665 2450 quam
695 2387 853 2437 fabre!
