1630 2866
240 183 334 238 276
387 199 400 217 =
663 185 1093 242 RUDENS.
1431 210 1522 251 v.‘1

456 363 979 431 'ACTUS
1069 376 1255 437 ΙΙΙ.

662 497 1096 548 SCENAJ.

618 663 1162 701 DAEMONES.

226 712 507 826 NIIRIS
539 779 697 825 modis
722 778 803 825 Dii
835 779 975 826 ludos
1001 780 1183 828 faciunt
1210 782 1514 846 hominibus,

226 853 454 914 Mirisque
482 852 708 914 exemplis
741 854 923 901 somnia
953 854 1003 900 in
1032 855 1208 902 somnis
1243 855 1438 906 danunt.

224 925 297 971 Ne
333 925 619 971 dormientes
651 925 850 986 quidem
882 928 1046 974 sinunt
1079 927 1335 989 quiescere.

227 997 375 1044 Velut
401 1015 488 1062 ego
516 999 602 1043 hac
629 1009 797 1055 nocte,
827 1015 950 1060 quae
973 1001 1216 1061 praecessit
1233 1035 1247 1059 ,
1275 990 1510 1063 prox'uma

226 1070 408 1116 Mirum
444 1081 588 1128 atque
618 1068 839 1114 inscitum
869 1071 1098 1116 somniavi
1126 1072 1380 1120 somnium.

227 1140 307 1187 Ad
334 1140 699 1187 hirundininum
732 1141 905 1187 nidum
931 1142 1026 1188 visa
1060 1153 1128 1188 est
1150 1143 1282 1190 simia

222 1215 559 1261 Ascensionern
595 1226 650 1259 ut
679 1213 851 1260 faceret
880 1214 1177 1261 admolirier:

225 1289 400 1349 Neque
431 1305 502 1333 eas
537 1287 714 1348 eripere
746 1288 915 1349 quibat
942 1288 1068 1334 inde.
1105 1289 1282 1351 postibi

222 1363 490 1411 Videbatur
522 1361 582 1406 ad
609 1377 688 1407 me
722 1360 852 1407 simia
880 1360 1182 1426 aggredirier‚

223 1436 432 1499 Rogare,
462 1435 596 1479 scalas
621 1445 676 1479 ut
704 1433 865 1479 darem
896 1434 1094 1480 utendas
1125 1435 1227 1482 sibi.

222 1511 324 1574 Ego
356 1509 417 1555 ad
444 1509 537 1555 hoc
573 1508 849 1568 exemplum
877 1507 1037 1554 simiae
1066 1508 1369 1570 respondem*

223 1583 364 1629 Natas
403 1599 465 1629 ex
498 1581 761 1627 Philomela
796 1592 940 1642 atque
976 1597 1037 1628 ex
1076 1582 1265 1648 Progne
1301 1599 1394 1630 esse
1431 1583 1507 1630 hi·-

475 1652 716 1699 rundines.

224 1725 328 1790 Ago
349 1742 462 1771 cum
480 1726 577 1782 illa,
602 1741 664 1770 ne
691 1724 811 1785 quid
829 1735 998 1771 noceat
1013 1725 1129 1771 meis
1147 1725 1468 1786 popularibus.

222 1797 386 1858 Atque
417 1797 494 1842 illa
527 1796 687 1842 animo
708 1798 809 1860 jam
828 1796 933 1857 >fieri
966 1795 1194 1860 fierocior,

219 1871 423 1918 Videtur
453 1870 582 1915 ultro
611 1869 730 1914 mihi
761 1869 942 1914 malum
973 1869 1242 1915 minitarier.
1396 1926 1399 1929 y

219 1944 279 1989 In
298 1945 376 2007 jus
403 1953 543 1988 vocat
574 1957 666 1987 me.
699 1941 764 1987 ibi
792 1957 877 2004 ego
910 1942 1067 1987 nescio
1102 1942 1357 2004 quomodo
1387 1934 1390 1935 ⁷

221 2019 370 2063 Iratus
405 2017 571 2063 videor
600 2014 809 2060 mediam
837 2014 1037 2076 arripere
1068 2015 1278 2061 simiam:
1459 2018 1462 2019 ⁷

219 2089 471 2136 Concludo
503 2089 554 2134 in
581 2088 736 2134 vincla
767 2087 966 2134 bestiam
995 2089 1362 2150 nequissumam.
1576 2139 1579 2141 ,

218 2163 360 2209 Nunc
376 2179 520 2223 quarn
537 2162 598 2207 ad
612 2178 714 2207 rem
734 2161 888 2207 dicam
903 2162 994 2207 hoc
1007 2162 1221 2210 adtinere
1235 2160 1491 2219 somnium,
1558 2179 1561 2182 ’
1584 2178 1588 2186 ’

215 2236 495 2298 Numquam
520 2235 662 2282 hodie
690 2235 823 2296 quivi
851 2235 912 2283 ad
934 2237 1252 2299 conjecturam
1279 2233 1489 2281 evadere.

217 2309 312 2356 Sed
340 2311 459 2372 quid
492 2310 567 2355 hic
603 2311 654 2355 in
683 2308 876 2359 Veneris
903 2308 1012 2355 fano
1033 2310 1058 2338 *
1085 2311 1111 2338 ²⁶⁴·
1131 2311 1158 2338 ²⁵³

217 2383 445 2431 Clamoris
480 2383 656 2430 oritur!
688 2383 869 2430 animus
900 2383 1079 2430 mitat*
1097 2382 1165 2412 ’Ν
