1630 2866
238 148 334 209 405
647 117 1123 192 STICHU'S.
1427 160 1527 206 v.3

240 258 406 304 Domo
429 254 618 301 dudum
648 254 745 299 huc
770 251 977 299 arcessita
992 268 1125 310 sum,
1148 251 1378 313 quoniam
1401 267 1527 298 nun·-

450 355 452 358 >
491 327 660 372 tiatum
698 339 765 372 est
783 361 796 383 ,
1190 308 1208 321 Ἴ

240 405 440 450 Istarum
468 413 694 448 venturos
724 401 859 447 viros.
897 401 963 447 ibi
994 400 1265 448 festinamus
1287 416 1479 458 omne5‚

240 476 393 523 Lectis
426 475 687 522 sternendis
726 475 1028 532 studuimus,
1068 473 1412 535 munditiisque
1445 490 1529 534 ap·-

498 548 728 610 parandis.
1316 590 1318 594 ,

239 622 371 668 Inter
394 621 514 666 illud
533 633 693 666 tamen
712 620 963 683 negotium
988 616 1103 665 meis
1119 617 1283 665 curavi
1301 617 1458 664 amicis
1474 651 1490 674 ‚

241 694 402 741 Sticho
436 705 482 741 et
518 711 749 741 conservo
783 693 1002 759 Sagarino
1031 710 1175 752 meo,
1215 708 1363 739 coena
1400 702 1530 737 cocta

496 780 551 813 ut
579 780 708 814 esset.

242 841 428 889 Stichus
456 843 708 888 obsonatus
742 853 822 887 est.
854 853 1068 886 ceterum
1100 856 1190 904 ego
1225 837 1439 886 curandi)
1478 833 1535 885 id

494 918 583 962 alle
615 916 700 962 avi.
1166 949 1167 953 ,

244 980 385 1028 Nunc
418 982 502 1027 ibo
535 933 676 1037 hific,
709 987 757 1026 et
787 981 962 1026 amicos
987 995 1119 1025 meos
1146 977 1322 1024 curabo
1346 976 1424 1023 hic
1446 973 1530 1021 ad-

495 1064 753 1100 vementes.

598 1169 989 1216 SCENA
1069 1167 1183 1214 IV.

288 1278 931 1327 SAGARINUS,
1001 1285 1482 1324 STICHUS*

599 1408 1180 1444 SAGA·R1NUS.

238 1463 535 1586 AGITE,
577 1527 642 1573 ite
679 1526 828 1573 foras:
870 1525 990 1573 ferte
1033 1541 1281 1588 pompam*
1316 1522 1438 1569 cado
1477 1532 1533 1589 tq

496 1598 721 1661 praeficio
743 1633 757 1656 ,
789 1596 959 1644 Stiche.

239 1673 484 1720 Omnibus
515 1673 673 1719 modis
708 1664 975 1734 temperate
1016 1681 1201 1716 certum
1233 1669 1287 1714 ’st
1319 1677 1532 1713 nostrum

488 1745 637 1791 hodie
672 1745 961 1791 convivium.

236 1819 309 1866 Ita
337 1837 418 1866 me
436 1820 515 1867 Dfi
534 1831 722 1876 ament,
742 1820 903 1880 lepide
922 1819 1206 1880 accipiemur
1220 1850 1234 1874 ‚
1255 1832 1407 1878 quom
1426 1815 1521 1862 hoc

496 1893 780 1955 recipiamul
808 1892 854 1937 in
886 1892 1007 1937 loco.
1135 1911 1156 1918 “

237 1966 467 2034 Quisquis
487 1976 772 2028 praetereat,
790 1965 1090 2011 comissatum
1112 1964 1227 2010 volo
1243 1961 1416 2009 vocari.

666 2049 691 2084 S
725 2050 758 2083 T
793 2051 814 2083 Ι
852 2050 881 2082 C
916 2050 951 2084 Η
990 2049 1023 2083 U
1063 2049 1099 2084 S·

1269 2094 1527 2147 Convenit3

236 2176 371 2224 Dum
410 2175 642 2237 quidem,
673 2173 859 2233 hercle,
892 2174 1094 2235 quisque
1120 2172 1280 2220 veniat
1311 2185 1426 2238 *cum
1453 2168 1526 2214 vi-

496 2267 564 2297 no
595 2267 692 2297 suo.
720 2267 834 2296 nam
864 2249 951 2296 hac
978 2247 1183 2308 quidem

238 2325 399 2372 Hodie
431 2323 728 2387 polluctura,
762 2335 945 2387 praeter
974 2337 1093 2378 nos,
1121 2318 1300 2382 jactura
1332 2313 1523 2360 dabitur

487 2412 679 2443 nemml.
