1630 2866
165 183 301 231 κῃ
499 151 1193 210 ACTUSI.SC.I.·
1384 155 1450 210 igj

434 269 1219 314 AGORASTOCLES.

811 339 1307 416 Quidiisfacturus?

591 443 1034 480 MILPHIO.

1312 491 1458 540 ‘raca

171 566 361 613 Totum
394 565 621 610 lenonem
653 563 744 610 tibi
780 579 893 610 cum
922 572 1024 608 tota
1053 559 1228 607 familia

173 637 317 688 Dabo
346 637 492 684 hodie
523 637 671 682 dono.

434 729 1230 772 AGORASTOCLES.

693 801 832 871 Quid
861 799 1103 847 facturus?

595 901 640 934 M
673 901 696 933 1
730 901 762 933 L
796 900 826 932 Ρ
866 898 902 932 Η
934 899 957 931 1
993 899 1040 932 ο.

1125 947 1234 1006 Jam
1258 947 1384 994 scies.
1409 947 1423 963 ⁰

174 1030 311 1077 Tuus
341 1026 634 1090 Collybiscus
663 1039 795 1070 nunc
822 1023 873 1069 in
898 1022 1018 1069 urbe
1039 1022 1095 1067 ’st
1121 1020 1304 1066 villicus
1323 1053 1341 1076 ,

163 1103 302 1151 'Eum
331 1101 408 1147 hic
436 1115 538 1146 non
571 1098 708 1144 novit
738 1099 862 1143 leno.
903 1096 1031 1142 satin’
1062 1093 1325 1157 intellegis?

435 1190 1227 1232 AGORASTocLEs.

174 1272 407 1336 Intellego
435 1269 618 1316 hercle:
654 1266 737 1312 sed
772 1279 872 1325 quo
900 1261 1068 1308 evadas
1084 1294 1099 1318 ,
1134 1259 1306 1306 nescio.

596 1366 641 1400 M
676 1365 697 1398 1
731 1364 763 1397 L
798 1363 827 1396 P
866 1343 959 1395 Ηί
997 1361 1048 1394 ο.

178 1422 432 1471 Nonscis?
1022 1424 1027 1429 “

431 1505 1218 1548 AGORASTocLEs.

436 1570 744 1618 Nonhercle.

598 1668 643 1701 M
677 1668 699 1700 1
734 1666 765 1700 L
799 1666 829 1699 P
866 1665 901 1699 Η
936 1665 958 1698 I
993 1665 1042 1698 O.

755 1725 819 1772 At
853 1741 941 1788 ego
964 1724 1066 1788 jam
1100 1721 1211 1768 faxo
1239 1720 1361 1767 scies.

179 1801 239 1849 Ei
265 1801 455 1847 dabitur
479 1816 648 1846 aurum
667 1833 682 1856 ,
714 1809 771 1844 ut
796 1798 858 1844 ad
886 1798 1115 1842 lenonem
1149 1793 1352 1839 deferat:

180 1873 446 1934 Dicatque‚
470 1890 517 1919 se
536 1871 842 1936 peregrinum
870 1886 963 1915 esse
998 1884 1059 1913 ex
1085 1867 1177 1913 alio
1212 1864 1422 1926 oppido:

182 1944 243 1991 Se
265 1963 418 1992 amare
445 1946 567 1991 velle
584 1980 597 2002 ,
627 1956 771 2005 atque
806 1942 1008 2002 obsequi
1043 1940 1204 1985 animo
1231 1953 1331 1983 suo.

182 2018 372 2064 Locum
400 2018 488 2063 sibi
518 2019 640 2064 velle
666 2016 877 2062 liberum
910 2012 1175 2076 praeberier
1194 2045 1209 2068 ,

184 2090 283 2137 Ubi
313 2106 522 2149 nequam
547 2089 682 2135 faciat
707 2091 828 2134 clam
843 2122 858 2145 ‚
888 2104 950 2133 ne
987 2086 1093 2146 quis
1119 2086 1177 2130 sit
1207 2083 1396 2129 arbiter.

184 2162 323 2209 Leno
350 2162 412 2207 ad
444 2177 491 2206 se
517 2160 712 2220 accipiet
738 2159 840 2205 auri
867 2158 1070 2219 cupidus
1098 2156 1252 2201 illico:

183 2234 371 2283 Celabit
398 2233 646 2280 hominem
673 2243 722 2277 et
744 2247 924 2276 aurum.

445 2323 1228 2366 AGORASTOCLES.

943 2385 1205 2434 Consilium
1231 2382 1398 2445 placet.
