1630 2866
1267 164 1362 217 4¹7¹

268 335 313 383 A
354 336 396 383 R
446 336 491 382 G
541 334 584 382 U
630 336 686 382 M
732 336 773 382 E
821 336 868 383 N
917 338 964 384 T
1012 338 1056 386 U
1102 340 1157 388 Μ

385 458 484 536 (Ut
515 473 802 534 quibusdam
827 474 1052 539 videtut)

472 621 963 664 PRISCIANI.

43 774 46 776 ’
115 754 486 804 THESAURUM
504 758 743 804 abstrusum
757 759 899 819 abiens
903 776 1085 823 peregre
1099 759 1361 815 Charmides,

81 830 268 893 Remque
298 846 458 875 omnem
485 833 618 876 amico
651 830 824 876 Callicli
851 832 1034 878 mandat
1058 852 1147 880 suo.

79 904 198 948 Istoc
229 903 397 948 absente
427 904 539 948 male
568 920 657 948 rem
684 904 832 968 perdit
845 904 990 967 filius.

81 975 201 1020 Nam
233 987 278 1020 et
313 975 428 1032 aedis
458 976 635 1022 vendit?
657 976 736 1021 llas
761 989 979 1022 mercatur
1016 976 1226 1026 Callicles.

79 1047 217 1110 Virgo
249 1047 443 1094 indotata
469 1064 588 1092 soror
617 1050 743 1093 istius
762 1051 985 1112 poscitur.-

82 1121 230 1166 bsinus
252 1137 331 1184 quo
365 1138 459 1168 cum
491 1121 654 1168 invidia
683 1123 722 1166 ei
754 1122 825 1167 det
853 1122 988 1168 dotem
1020 1122 1246 1175 Callicles,

83 1191 293 1241 Mandat,
326 1196 402 1256 qui
426 1194 544 1239 dicat
577 1212 730 1239 aurum
752 1194 880 1258 ferre
909 1212 953 1240 se
981 1213 1008 1240 a
1037 1209 1179 1260 patre.

89 1262 148 1309 Ut
174 1267 294 1311 venit
320 1266 379 1311 ad
408 1267 555 1315 aedis,
592 1266 705 1312 hunc
738 1265 902 1312 deludit
933 1266 1181 1315 Charmides

82 1336 253 1386 Senex,
286 1349 336 1382 ut
365 1338 520 1384 rediit:
549 1341 697 1404 quojus
725 1340 891 1385 nubunt
919 1340 1053 1385 liberi.

147 1509 474 1556 ALIUD
545 1509 1294 1560 ARGUMENTUM

449 1618 986 1687 CAMERARII.

151 1782 330 1830 HAEC
351 1782 513 1847 fabula
537 1793 579 1828 et
608 1783 779 1843 elegans
813 1794 899 1830 est,
934 1794 977 1828 et
1005 1784 1240 1847 exemplum
1274 1785 1368 1832 boni

90 1874 140 1903 ac
166 1856 308 1919 fidelis
341 1857 468 1900 amici
494 1857 718 1919 proponit:
755 1868 797 1900 et
829 1855 1021 1901 abundat
1060 1857 1236 1901 utilibus
1271 1874 1371 1902 sen-

92 1932 250 1977 tentiis.
287 1927 614 1974 Commendarat
637 1929 785 1973 liberos
807 1946 903 1973 suos
924 1941 966 1973 et
992 1945 1079 1973 rem
1093 1927 1367 1991 familiarem

90 2020 247 2051 senex,
285 2001 343 2046 ad
378 2012 611 2046 mercatum
636 2001 822 2049 abiens,
862 2003 1010 2046 amico.
1056 2001 1229 2046 Interea
1270 2002 1369 2047 aliis

94 2076 322 2122 absumtis,
360 2073 480 2118 aedes
510 2075 638 2118 etiam
666 2085 872 2136 paternas
898 2073 1149 2119 venditurus
1177 2087 1279 2120 erat
1295 2079 1367 2138 fi-

94 2149 177 2193 lius
186 2146 394 2212 perditus.
416 2146 470 2190 In
497 2144 584 2189 illis
604 2144 774 2189 aedibus
793 2145 1015 2190 thesaurus
1040 2144 1226 2207 defossus
1248 2158 1364 2190 erat.-

93 2220 141 2265 id
166 2221 266 2282 quia
297 2234 424 2263 senex
456 2219 524 2265 is,
558 2219 679 2282 cujus
699 2217 814 2280 fidei
842 2220 983 2268 omnia
1012 2219 1231 2262 commissa
1256 2217 1367 2280 fue-

93 2303 226 2340 rant,
245 2290 428 2338 sciebat,
453 2300 777 2353 praemercatur
802 2289 936 2334 aedes.
969 2288 1066 2334 Hoc
1086 2291 1250 2334 nomine
1270 2306 1364 2335 cum

93 2364 204 2410 male
232 2361 400 2407 audiret
426 2360 552 2422 vulgo
565 2394 581 2409 ,
607 2360 851 2419 castigatur
872 2359 925 2405 ab
944 2361 1077 2405 amico
1097 2359 1274 2420 quodam
1290 2377 1363 2407 suo

165 2432 252 2479 Vol.
288 2433 377 2478 ΙΙΙ.
1054 2430 1100 2476 D
1122 2431 1155 2474 d
