1630 2866
117 212 245 259 ιη
407 192 704 244 ACTUS
759 192 858 239 1v.
919 190 1027 239 sc.
1081 189 1123 237 1.
1305 162 1399 249 ις’)

474 313 563 347 Ps
601 313 776 346 ΕΗΒ
813 310 984 347 oLu
1022 311 1063 347 s.
1148 366 1151 367 γ

118 382 328 431 Ambula
352 399 462 448 ergo
494 371 605 430 cito.

602 485 626 519 S
661 486 683 519 Ι
717 486 762 520 Μ
796 485 819 519 Ι
852 484 902 519 A.

314 553 474 599 Immo
502 553 649 599 otiose
671 553 797 599 volo.

475 659 1061 694 PSEUDOLU‘S.

410 728 540 774 Haec
561 745 615 773 ea
637 729 815 775 occasio
834 739 902 775 est
914 764 929 786 ,
950 729 1071 776 dum
1090 729 1169 776 ille
1188 727 1395 788 dormit5

120 800 247 848 Volo
273 810 330 848 tu
349 799 478 863 prior
500 811 557 847 ut
579 817 781 864 occupes
801 802 945 848 adire.

604 910 628 944 S
662 911 684 944 1
718 911 764 945 M
796 913 819 945 1
854 913 905 947 A.

762 968 920 1049 Quid*
927 973 1179 1043 properas?
1202 982 1398 1043 placide.

120 1051 196 1100 Ne
227 1053 356 1100 time.
401 1054 464 1101 ita
497 1055 575 1102 ille
606 1054 723 1102 faxit
747 1055 998 1117 Juppitess,
1040 1068 1097 1102 ut
1129 1056 1208 1101 ille
1242 1058 1399 1117 palam

369 1125 551 1173 ibidem
580 1128 738 1186 assiet,

118 1199 348 1269 Quisquis
374 1200 453 1246 ille
480 1212 574 1259 est,
603 1202 690 1262 qui
715 1201 845 1249 adest
875 1219 903 1248 a
930 1202 1096 1248 Milite.
1130 1218 1398 1265 numquam

295 1283 301 1289 '
372 1274 548 1336 edepol
575 1275 661 1321 erit
691 1275 770 1321 ine
801 1276 961 1337 potior

120 1344 340 1407 Harpax,
363 1363 510 1407 quam
533 1364 633 1411 ego.
662 1348 781 1394 habe
803 1349 1015 1394 animum
1036 1348 1251 1394 bonum:
1286 1348 1399 1409 pul-

355 1420 465 1464 chre
484 1436 572 1483 ego
590 1421 709 1465 hanc
728 1421 1006 1482 explicatam
1024 1422 1114 1468 tibi
1131 1439 1234 1468 rem
1260 1421 1397 1466 dabo.

33 1491 37 1496 “
124 1488 200 1536 Sic
219 1504 314 1552 ego
336 1490 475 1535 illum
504 1491 622 1536 dolis
647 1502 791 1552 atque
817 1493 1071 1539 mendaciis
1094 1494 1144 1538 in
1175 1495 1399 1539 timorem

380 1563 507 1609 dabo

124 1633 377 1681 Militarem
403 1636 661 1694 advenam,
689 1637 789 1699 ipse
809 1654 904 1684 sese
932 1649 987 1684 ut
1008 1650 1150 1702 neget
1175 1655 1287 1684 eum
1306 1652 1399 1684 esse

378 1726 464 1770 qui
494 1721 580 1756 met
599 1745 614 1768 ‚

126 1778 305 1841 Meque
325 1791 381 1827 ut
398 1798 490 1829 esse
509 1794 747 1840 autumet,
768 1783 855 1844 qui
876 1783 1001 1845 ipsus
1024 1794 1105 1829 est.

475 1890 505 1924 1>
541 1890 565 1925 s
600 1890 631 1924 Ε
666 1891 702 1924 u
737 1890 774 1923 D
812 1889 846 1923 o
880 1889 912 1922 Ι,
952 1889 989 1922 15
1026 1889 1064 1922 s.

916 1957 1227 2026 Quipotest?

611 2059 635 2093 s
669 2037 691 2093 π’
725 2061 770 2094 Μ
803 2062 827 2094 1
860 2060 912 2093 A.

469 2169 472 2171 ,
1076 2114 1265 2163 Occidis
1290 2132 1400 2174 me‚·

61 2207 63 2209 -
130 2174 299 2243 Quom
327 2172 446 2219 istuc
473 2172 654 2236 rogitas.

486 2275 515 2308 Ρ
553 2273 575 2307 s
611 2274 642 2306 Ε
680 2273 716 2306 U
749 2275 786 2308 D
822 2275 855 2308 o
890 2275 922 2307 Ι.
956 2274 993 2308 U
1027 2275 1068 2308 s.·

248 2342 297 2389 Ο
312 2342 559 2388 hominem
577 2341 819 2403 lepidum!
838 2353 887 2388 te
905 2359 1103 2403 quoque
1122 2344 1261 2389 etiam
1281 2343 1400 2390 dolis

133 2415 293 2479 Atque
314 2417 455 2464 etiam
481 2416 761 2475 mendaciis,
782 2415 1004 2478 Juppiter
1026 2428 1074 2462 te
1099 2417 1219 2463 mihi
1240 2430 1398 2466 servet.

1098 2490 1144 2536 N
1182 2507 1209 2555 3
