1630 2866
242 161 336 224 380
639 159 1113 209 STICHUS.
1394 176 1522 212 Ἆρα

597 277 1175 315 GELASIMUS.

239 349 471 397 Animum
489 349 717 396 inducam
735 385 749 408 ,
778 362 835 398 ut
863 352 981 399 istuc
1007 368 1177 399 verum
1205 363 1253 400 te
1281 354 1527 400 elocutum

484 439 587 470 ‚esse
617 424 823 470 arbitrer.

629 518 664 550 D
701 519 723 551 1
760 519 794 552 N
832 517 867 552 A
906 518 932 552 c
969 519 990 552 1
1027 518 1063 551 U
1098 520 1157 553 M.

240 585 500 632 Munditias
538 587 654 633 volo
693 587 806 633 fieri.
831 587 991 634 efferte
1016 589 1111 634 huc
1145 604 1332 650 scopaS,
1367 588 1529 634 simul-

495 675 593 720 que
619 658 939 724 arundinem,

239 729 305 776 Ut
334 747 527 792 operam
557 749 754 779 omnem
781 749 1050 779 araneaxum
1075 734 1276 796 perdam
1299 746 1346 781 et
1373 745 1529 781 textu-

497 821 597 853 Iam
629 804 882 867 inprobam
898 840 912 862 ,

241 873 574 940 Dejiciamque
598 894 762 924 earum
780 877 932 924 omnis
950 878 1076 924 telas.

598 971 631 1004 G
666 972 697 1005 E
732 972 763 1005 L
802 971 837 1005 A
875 973 897 1006 3
934 973 954 1005 1
991 973 1034 1006 M
1072 972 1108 1005 U
1145 971 1182 1005 3.

883 1033 1077 1078 Miserae
1103 1031 1329 1096 algebunt
1353 1041 1527 1094 postea.

632 1126 668 1158 D
707 1126 728 1158 1
765 1127 801 1160 N
838 1126 873 1159 A
909 1126 936 1158 c
973 1126 994 1158 1
1031 1125 1067 1158 U
1103 1125 1160 1158 M.

243 1189 418 1261 Quid?
452 1192 548 1238 illas
585 1193 754 1239 itidem
797 1209 890 1239 esse
932 1209 1116 1251 censes,
1156 1193 1288 1256 quasi
1330 1202 1378 1238 te
1418 1206 1530 1238 cum

494 1277 622 1313 veste
654 1264 835 1313 unica?

243 1336 370 1402 Cape
398 1340 496 1387 illas
519 1357 693 1404 scopas.

602 1434 636 1467 G
671 1434 701 1467 E
735 1434 767 1467 1.
803 1432 838 1467 A
876 1434 898 1467 s
934 1435 956 1467 1
992 1434 1036 1466 M
1070 1433 1106 1466 U
1141 1432 1178 1466 s.

567 1494 777 1556 Capiam.
995 1539 1002 1546 ,

631 1589 669 1621 D
708 1587 729 1620 1
766 1587 801 1621 N
837 1587 872 1619 A
911 1587 938 1619 c
976 1587 998 1619 1
1035 1585 1070 1619 U
1107 1585 1165 1618 M.

634 1656 746 1702 Hoc
769 1667 985 1719 egomet,
1006 1666 1062 1700 tu
1084 1654 1428 1719 hoc'converre.

603 1745 1191 1782 GELAS1MUs.

1341 1797 1532 1844 Fecero.

631 1878 1149 1914 DINACIUM.

246 1951 417 2013 Ecquis
446 1954 541 1999 huc
571 1954 704 2000 effert
734 1953 1016 2000 nasiternam
1042 1967 1156 1997 cum
1187 1947 1348 2011 aqua?

607 2047 640 2082 G
675 2049 706 2082 Ε
741 2047 772 2080 L
808 2047 845 2081 A
881 2047 904 2081 s
940 2048 960 2080 1
996 2047 1040 2080 M
1064 2046 1114 2078 ,U
1151 2045 1186 2078 s.

1183 2103 1294 2150 Sine
1317 2101 1531 2164 suffragio

248 2179 422 2241 Populi
452 2189 612 2226 tamen
638 2179 927 2226 aedilitatem
943 2180 1020 2225 hic
1040 2177 1239 2240 quidem
1256 2175 1386 2240 gerit.

634 2275 670 2308 D
711 2275 731 2309 Ι
768 2276 803 2308 N
840 2274 875 2307 A
915 2275 943 2307 C
978 2273 999 2306 Ι
1035 2272 1071 2306 U
1107 2272 1186 2305 M.-

1171 2320 1299 2383 Age,
1323 2331 1379 2365 tu
1401 2318 1529 2364 ocius

250 2398 395 2462 Pinge
420 2400 631 2444 humum
646 2431 660 2454 ‚
690 2411 943 2459 consperge
969 2404 1078 2440 ante
1099 2392 1237 2439 aedis,
