1630 2866
82 182 189 217 rm
402 164 689 215 ACTUS
742 166 844 214 1v.
898 165 1095 216 sc.1.
1297 171 1362 232 σς

395 334 844 407 ACTUS
917 349 1064 407 lv.

469 479 864 536 SCENA
935 481 977 527 1.

516 626 963 660 MILPHIO.

98 682 186 794 E
196 757 232 790 x
242 756 264 790 s
274 757 301 791 P
312 756 342 790 E
353 756 379 789 c
391 756 421 789 T
432 756 464 789 ο
499 759 599 804 quo
628 754 771 806 pacto
797 760 931 791 meae
955 744 1153 791 technae
1183 753 1373 808 proces*

352 833 482 863 surae
511 817 642 862 sient.

101 887 283 936 Studeo
305 889 433 934 hunc
449 889 675 943 lenonem
703 887 925 950 pendere,
951 888 1088 936 velut
1107 903 1272 935 meum
1290 890 1376 935 he-

353 977 462 1006 rum
488 960 712 1004 miserum
739 969 954 1005 macerat.

102 1035 147 1080 Is
174 1049 256 1081 me
282 1044 443 1080 autem
476 1028 619 1094 porro
652 1033 901 1091 verberat,
939 1032 1141 1078 incursat
1172 1035 1343 1097 pugnis
1359 1066 1381 1092 ,

350 1103 567 1150 calcibus·

91 1172 283 1222 'Servire
299 1175 500 1231 amanti,
518 1174 698 1220 miseria
713 1175 789 1227 'st;
810 1175 1081 1237 praesertim
1099 1176 1184 1236 qui
1198 1211 1213 1234 ,
1240 1175 1376 1237 quod

354 1258 480 1293 amat
495 1281 510 1304 ,
544 1259 679 1292 caret.

101 1320 235 1368 Atat!
273 1337 300 1366 e
322 1320 433 1367 fano
456 1321 661 1382 recipere
687 1321 831 1366 video
859 1336 906 1365 se
938 1319 1271 1383 Syncerastum

105 1393 311 1440 Lenonis
343 1411 557 1441 servum:
598 1395 717 1456 quid
745 1394 915 1441 habeat
942 1394 1167 1441 sermonis
1197 1393 1380 1449 ausculfi

359 1468 488 1518 tabo.

492 1627 819 1676 SCENA
892 1626 992 1674 II.

176 1767 841 1808 SYNCERASTUS,
909 1743 1324 1802 MILPH10.'

394 1890 1089 1925 SYNCERASTUS.

110 1943 228 2055 SA
240 2019 335 2053 TIS
362 2020 622 2069 spectatum
639 2012 693 2056 ’st
705 2042 719 2067 ‚
746 2009 874 2056 Deos
891 2021 1035 2070 atque
1050 2010 1264 2056 homines
1284 2011 1382 2074 ejus

361 2081 594 2143 negligere
622 2083 811 2145 gratiam
830 2117 844 2139 ‚

117 2152 253 2220 Quoi
277 2153 463 2199 homini
483 2152 618 2197 herus
642 2164 708 2198 est
734 2153 986 2198 consimilis
1000 2152 1170 2207 ‚·velut
1194 2168 1280 2215 ego
1299 2150 1382 2194 ha-

365 2223 460 2269 beo
490 2227 620 2268 nunc
646 2223 931 2285 hujusmodi.

116 2294 287 2356 Neque
311 2294 540 2359 perjurior
555 2329 569 2352 ‚
604 2311 763 2356 neque
791 2295 924 2358 pejor
951 2295 1064 2339 alter
1089 2311 1290 2356 usquam
1319 2305 1385 2342 est

372 2378 619 2430 genuum,

194 2436 281 2483 Vol.
304 2437 395 2484 III.
454 2508 470 2512 ἡ
606 2498 610 2501 7
1104 2436 1145 2482 E
