1630 2866
233 194 326 257 308
653 190 1082 240 RUDENS.
1391 209 1522 256 v.49

228 299 470 355 Vidulum
488 297 666 358 piscem
682 296 854 358 cepisse
866 297 888 342 ?
911 307 992 344 aut
1010 298 1258 360 protulisse
1276 300 1435 346 ullum
1465 300 1520 346 in
1541 289 1544 293 ⁵

479 371 642 417 forum
659 371 680 417 ?
1275 422 1287 433 .

228 446 340 492 Non
366 445 494 491 enim
526 457 580 491 tu
607 445 685 491 hic
707 443 907 506 quidem
926 446 1176 508 occupabis
1195 446 1348 495 omnis
1367 465 1516 511 quae-

477 529 572 565 stus
589 553 603 576 ,
639 535 763 579 quos
791 519 935 564 voles.

227 592 289 639 Et
310 592 544 639 vietorem
575 602 622 638 et
651 592 933 654 piscatorem
961 603 1010 639 te
1039 609 1161 651 esse,
1197 593 1395 655 inpure,
1425 611 1516 657 po-

476 665 625 709 stulas.
684 670 686 675 “

223 734 314 782 Vel
334 744 400 781 *te
437 735 556 780 mihi
590 746 849 782 monstrare
889 748 1112 798 oportet,
1159 737 1293 800 piscis
1330 737 1416 799 qui
1455 738 1514 785 sit
1562 758 1568 764 ·

473 808 666 855 vidulus
679 842 693 865 ,
714 868 719 873 Ι

222 879 342 940 Vel,
369 881 508 943 quod
537 882 588 928 in
615 883 735 928 mari
758 898 859 929 non
885 893 1055 929 natum
1075 882 1157 942 ’st,
1185 899 1347 947 neque
1363 883 1509 932 habet

478 970 692 1015 squamas
711 990 724 1013 ,
757 972 820 1001 ne
855 955 989 1002 feras.

677 1041 709 1074 G
749 1043 781 1074 R
818 1043 837 1073 1
877 1043 905 1075 P
944 1041 979 1073 U
1021 1040 1056 1074 s.

217 1100 355 1169 Quid
372 1111 458 1159 tu,
484 1116 754 1162 numquam
781 1100 999 1146 audivisti
1023 1115 1115 1145 esse
1139 1099 1336 1147 antehac
1358 1101 1503 1149 vidu-

953 1174 1058 1217 lum
1089 1172 1303 1232 piscem?

577 1258 610 1291 T
646 1258 680 1292 R
714 1257 750 1290 A
789 1257 816 1291 C
852 1257 887 1291 H
921 1257 957 1291 A
990 1258 1020 1291 L
1057 1258 1079 1290 1
1117 1258 1168 1291 Ο.

1321 1308 1483 1359 Scelus
1495 1312 1506 1357 !

216 1378 390 1425 Nullus
419 1387 499 1424 est.

673 1453 705 1487 G
741 1455 775 1488 R
810 1454 831 1486 1
866 1453 895 1486 P
935 1453 970 1486 u
1006 1451 1045 1486 s.

192 1542 201 1548 -
270 1516 428 1560 Immo
449 1494 516 1561 est
532 1513 764 1575 profecto.
784 1530 898 1578 ego,
921 1514 1007 1575 qui
1021 1530 1126 1560 sum
1148 1513 1369 1576 piscator,
1384 1513 1501 1560 scio:

211 1587 339 1636 Vero
363 1603 468 1634 raro
486 1587 692 1648 capitur:
720 1587 879 1633 nullus
900 1587 1059 1634 minus
1084 1602 1219 1649 saepe
1247 1585 1309 1632 ad
1331 1597 1503 1632 terram

464 1661 609 1707 venit.

574 1748 606 1779 Τ
641 1749 674 1781 R
710 1747 745 1780 A
781 1747 807 1779 c
844 1747 878 1779 H
918 1746 953 1779 A
986 1746 1017 1780 Ι,
1054 1748 1077 1780 1
1116 1747 1163 1780 o.

210 1810 292 1857 Nil
319 1810 435 1875 agis:
473 1809 582 1855 dare
612 1809 757 1855 verba
786 1824 939 1871 speras
973 1808 1093 1854 mihi
1122 1819 1171 1855 te
1201 1823 1370 1871 posse,
1399 1805 1500 1854 fur-

462 1883 588 1929 cifer.
1432 1888 1434 1890 ’

209 1957 326 2026 Quo
351 1956 510 2003 colore
532 1954 634 2001 est?

667 2028 701 2064 G
735 2033 770 2066 R
804 2030 825 2063 1
862 2031 891 2064 Ρ
929 2029 964 2063 U
1002 2030 1042 2065 s.

624 2092 731 2139 Hoc
763 2093 924 2139 colore
947 2092 1200 2153 capiuntur
1225 2089 1488 2153 pauxilluli.

204 2158 329 2207 Sunt
352 2159 427 2205 alii
445 2159 651 2221 puniceo
671 2158 801 2204 corio
817 2192 830 2215 ,
846 2158 1005 2221 magni
1026 2157 1141 2203 item
1159 2168 1302 2218 atque
1319 2155 1418 2200 atri.

564 2246 595 2278 T
631 2247 665 2279 R
703 2245 738 2278 A
775 2245 802 2278 c
838 2244 873 2277 Η
908 2245 943 2277 A
980 2244 1011 2277 L
1045 2244 1067 2276 1
1103 2243 1149 2276 o.
1498 2275 1516 2292 0

1366 2290 1484 2338 Scio.

203 2365 283 2414 Tu
308 2368 489 2423 hercle,
527 2364 727 2426 opinor,
757 2364 809 2408 in
832 2361 1053 2412 vidulum
1084 2370 1132 2406 te
1163 2359 1340 2420 piscem
1369 2372 1483 2403 con-

459 2443 615 2483 vortes
631 2469 645 2491 ,
678 2434 764 2481 nisi
794 2449 948 2481 caves:

303 2499 322 2513 ὦ·
