1630 2866
228 146 322 211 355
635 142 1118 192 sTICHth.
1387 117 1522 195 ιι

309 337 777 396 ACTUS
867 337 1524 429 PRIMUS..

638 432 1171 539 SCENAJ.⁸

219 638 864 676 PANEGYR15‚
952 636 1514 674 PINACIUM.

578 774 1162 822 PAN'EGYRIS.

219 835 482 950 CREDO
517 918 605 966 ego
631 902 850 948 miseram
882 902 1019 950 fuisse
1061 903 1384 966 Penelopam,
1440 891 1442 896 ,

212 977 386 1035 Soror,
420 995 505 1023 suo
536 995 598 1023 ex
621 978 806 1027 animo:
836 975 958 1039 quae
989 990 1088 1025 tam
1113 979 1199 1024 diu
1229 979 1376 1026 vidua
1423 1002 1426 1003 ⁷
1470 988 1473 990 ’

210 1051 330 1096 Viro
364 1069 450 1097 suo
482 1052 640 1096 caruit.
678 1067 791 1096 nam
816 1068 903 1097 nos
940 1055 1036 1115 ejus
1069 1053 1283 1098 animum

210 1122 286 1168 De
310 1124 477 1170 nostris
505 1123 635 1170 factis
667 1124 930 1183 noscimus,
951 1141 1156 1186 quarum
1181 1125 1271 1172 viri
1289 1125 1402 1172 hinc
1424 1126 1507 1172 ab·

469 1208 610 1255 sunt,
943 1202 951 1206 ⁴

210 1268 537 1339 Quorumque
565 1286 651 1316 nos
682 1271 882 1336 negotiis
916 1270 1196 1330 absentum,
1233 1283 1290 1319 ut
1321 1283 1388 1319 est
1421 1289 1508 1320 ae-

463 1360 646 1404 quom,

207 1417 445 1465 Sollicitae
473 1430 635 1465 noctes
667 1430 714 1465 et
748 1417 845 1464 dies
866 1453 880 1475 ‚
911 1435 1043 1465 soror
1061 1453 1075 1477 ,
1112 1434 1275 1466 sumus
1303 1435 1502 1482 semper.

595 1511 623 1543 P
660 1510 682 1542 1
718 1511 752 1543 N
787 1510 823 1543 A
861 1510 888 1542 c
927 1512 948 1543 1
985 1510 1019 1543 U
1056 1511 1115 1544 M.

205 1573 436 1618 Nostrum
469 1572 679 1619 officium
707 1589 792 1619 nos
826 1569 975 1618 facere
1002 1588 1212 1634 aequom
1228 1572 1304 1619 ’stz
1340 1589 1502 1636 neque

203 1648 263 1692 Id
290 1647 434 1711 magis
463 1647 688 1704 facimus,
729 1663 874 1708 quam
905 1663 992 1693 nos
1023 1657 1193 1694 monet
1221 1647 1380 1708 pietas.

206 1719 303 1764 Sed
326 1719 402 1764 hic
414 1753 427 1777 ,
446 1737 553 1765 mea
570 1736 724 1778 soror,
743 1719 1010 1766 assis-dum:
1031 1720 1183 1766 multa
1198 1720 1313 1768 volo
1333 1731 1497 1768 tecum

205 1794 368 1856 Loqui
399 1794 459 1841 de
482 1812 532 1842 re
557 1794 658 1841 viri.

559 1892 587 1925 P
625 1891 660 1924 A
693 1890 728 1922 N
763 1889 793 1921 Ε
833 1888 864 1921 G
902 1888 936 1920 Y
973 1888 1007 1921 R
1042 1887 1063 1919 1
1102 1886 1140 1921 s.

651 1950 900 2006 Salvaene,
938 1947 1149 1994 amabo?

592 2040 621 2073 P
658 2040 678 2072 1
714 2039 748 2072 N
785 2039 819 2072 A
857 2040 884 2072 C
922 2039 942 2072 I
979 2039 1016 2071 U
1052 2039 1107 2072 Μ.

199 2103 345 2165 Spero
369 2101 571 2164 quidem
588 2135 601 2158 ‚
627 2110 675 2146 et
696 2101 831 2147 volo:
857 2099 940 2146 sed
959 2099 1076 2158 hoc,
1099 2116 1254 2158 soror,
1274 2098 1454 2170 crucier
1472 2134 1487 2157 ‚

195 2178 386 2224 Patrem
419 2187 562 2222 tuum
598 2191 862 2236 meumque
890 2173 1040 2231 adeo,
1074 2174 1212 2232 unice
1243 2173 1329 2234 qui
1362 2188 1486 2219 unus

197 2250 390 2297 Civibus
426 2266 485 2295 ex
519 2249 742 2296 omnibus
773 2248 952 2311 probus
990 2247 1267 2309 perhibetur
1286 2279 1302 2302 ,

194 2321 322 2367 Eum
355 2338 487 2367 nunc
522 2321 713 2382 inprobi
746 2321 834 2367 viri
866 2319 1018 2366 officio
1052 2318 1156 2370 uti3

194 2391 317 2439 Viris
350 2396 433 2455 qui
466 2405 615 2440 tantas
637 2393 908 2441 absentibus
938 2390 1105 2437 nosffls
