1598 2814
0 143 7 152 ’
79 180 200 223 v.17
294 165 634 241 „Ac‘rus
684 165 787 213 1v.
840 164 943 212 sc,
993 166 1111 213 111.
1264 174 1361 232 493<

432 288 459 319 c
495 287 530 319 Η
566 286 600 318 A
636 286 671 318 R
708 285 750 318 M
785 285 807 317 1
841 285 877 317 D
916 285 948 318 Ε
986 283 1024 317 s.

78 345 150 398 Im
182 361 263 392 me
292 346 376 394 Dii
403 357 594 403 ament,
626 345 905 409 graphicum
934 345 1117 391 furem!

470 432 492 466 S
531 434 563 466 Τ
598 433 634 466 A
673 432 696 465 S
735 432 756 464 1
791 433 834 466 M
871 432 906 466 U
943 433 982 466 S.

496 492 636 561 Quid
659 509 747 557 ego
766 526 780 549 ‚
814 493 953 554 quod
976 492 1144 554 periit,
1168 494 1360 554 petam?

77 569 177 630 Nisi
203 568 346 614 etiam
374 566 584 612 laborem
620 565 681 611 ad
719 565 952 612 damnum
985 581 1226 628 apponam
1256 567 1360 628 epi-⁴

332 638 520 685 thecam
545 637 770 698 insuper?

81 714 304 784 Quin-tu
333 711 471 774 quod
493 710 660 772 periit,
691 710 878 772 periisse
911 709 1076 757 ducis?
1106 727 1219 774 cape
1246 730 1356 761 vor-

329 801 513 831 sonam.

78 857 254 919 Recipe
275 866 325 902 te
350 856 412 902 ad
433 856 617 903 herum.

435 944 462 974 C
498 941 534 973 H
569 940 605 973 A
640 940 675 973 R
710 940 753 974 M
788 941 808 972 1
844 941 880 972 D
916 941 947 972 E
968 937 1019 973 ’3.

127 1002 243 1048 Non
262 1001 481 1066 fugitivos
504 1011 571 1046 est
587 1000 665 1046 hic
684 1001 835 1045 homo
848 1035 862 1056 ,
883 1000 1192 1047 conmeminit
1210 1002 1360 1051 dorni.

465 1095 488 1128 5
527 1095 559 1127 Τ
594 1094 630 1127 A
665 1095 688 1128 5
726 1096 747 1127 1
783 1095 827 1128 M
864 1095 898 1128 U
935 1095 974 1128 s.

78 1157 275 1205 Utinam
301 1166 480 1203 veteres
505 1172 657 1201 mores
672 1190 685 1212 ,
711 1167 889 1202 veteres
915 1156 1228 1217 parsimoniae

78 1229 239 1276 Potius
249 1228 415 1293 majori
430 1228 603 1274 honori
620 1227 697 1273 hic
716 1239 882 1285 essent,
901 1244 1047 1288 quarn
1066 1244 1218 1274 mores
1232 1230 1358 1275 mali.

59 1303 105 1320 ’“
438 1308 1025 1353 CHAR‘MIDES.
1221 1342 1241 1351 -

78 1379 162 1426 Dii
192 1379 483 1424 inmortales!
508 1378 692 1423 basilica
712 1378 787 1423 hic
811 1378 1012 1438 quidem
1049 1378 1255 1425 facinora
1287 1381 1361 1426 in·-

336 1458 494 1508 ceptat
522 1447 671 1507 loqui.

80 1520 252 1568 Vetera
283 1520 465 1580 quaerit
480 1552 494 1574 ‚
521 1529 678 1564 vetera
700 1534 852 1562 amare
876 1518 1033 1575 hunc,
1058 1535 1240 1564 morem
1259 1539 1361 1567 ma-

327 1592 491 1654 jorum
508 1624 522 1647 ,
549 1590 670 1636 scias.

224 1713 236 1718 ,
467 1675 489 1708 5
527 1675 559 1708 Τ
596 1675 631 1707 A
664 1674 686 1707 s
722 1675 744 1707 1
781 1675 825 1707 Μ
861 1674 897 1708 U
931 1674 967 1708 s.

86 1736 211 1782 Nam
239 1751 371 1782 nunc
402 1752 555 1782 mores
582 1735 702 1780 nihil
730 1734 931 1793 faciunt,
965 1735 1100 1796 q'uod
1117 1737 1226 1782 licet
1242 1772 1255 1794 ‚
1274 1739 1361 1784 nisi

335 1809 473 1869 quod
492 1809 644 1855 lubet.

83 1880 299 1927 Ambitio
320 1882 420 1944 jam
443 1898 579 1927 more
604 1894 758 1928 sancta
773 1885 855 1942 st,
885 1883 1060 1929 libera'
1064 1895 1104 1929 st
1122 1885 1359 1946 alegibus,

83 1950 257 1999 Scuta
239 1963 423 2015 jacere,
449 1951 707 2015 fugereque
732 1955 913 2012 hostes,
944 1971 1077 2000 more
1102 1955 1279 2001 habent
1303 1956 1360 2001 li-

333 2025 563 2070 centiam.

82 2099 248 2145 Petere
273 2100 508 2145 honorem
534 2115 620 2161 pro
649 2099 851 2164 flagitio,
878 2118 1011 2147 more
1038 2102 1102 2147 fit.

19 2169 21 2171 ’
438 2172 468 2215 ὀ
503 2184 538 2216 H
572 2185 607 2217 A
641 2185 676 2218 R
710 2186 754 2218 M
788 2187 810 2218 1
845 2188 881 2219 D
915 2187 946 2219 E
983 2187 1021 2220 s.

857 2243 1047 2290 Morem
1074 2245 1356 2306 inprobum!

470 2327 494 2361 S
531 2327 563 2360 T
600 2326 636 2359 A
671 2327 694 2360 S
730 2328 752 2360 1
787 2329 831 2360 M
868 2331 900 2362 U
941 2330 979 2362 S.

69 2381 305 2435 Strenuos
322 2387 602 2450 praeterire,
623 2403 760 2436 more
778 2388 844 2434 fit.
