1630 2866
240 181 335 230 108
586 182 1160 241 POENULUS.
1388 186 1520 238 VAS

725 305 760 337 Η
796 305 831 337 Α
868 306 904 338 N
939 306 973 338 Ν
1008 306 1064 338 ὀ.

238 361 554 420 Adulescen8‚
583 365 731 411 salve!

464 456 1270 493 ANTHEMONIDES.

754 519 879 565 Nolo
894 554 909 578 ‚
941 520 1069 566 nihil.
1091 520 1153 566 ad
1184 531 1234 566 te
1260 519 1455 567 adtinet.

236 590 375 661 Quid
406 592 493 637 tibi
527 592 647 637 hanc
671 593 821 656 digito
847 593 990 638 tactio
1012 593 1102 638 ’sti'

726 681 761 715 H
798 680 833 714 A
866 682 901 715 N
938 682 971 715 N
1009 683 1054 715 O·
1224 690 1235 699 ”

1067 743 1197 812 Quia
1223 743 1342 789 mihi
1370 741 1520 789 lubet}

463 826 1267 862 ANTHEMONIDES·

238 877 436 924 Lubet?

723 955 757 988 H
792 955 828 988 A
863 955 897 988 N
935 955 969 988 N
1007 955 1057 988 o.

445 1007 666 1053 Itadico.

461 1088 1253 1124 ANTHEMONIDES.

691 1150 882 1213 Ligula,
916 1149 1006 1194 iin
1035 1151 1210 1202 malam
1245 1163 1453 1198 crucem:

233 1227 376 1274 Tune
404 1225 479 1271 hic
509 1236 691 1270 amator
726 1222 870 1268 audes
899 1238 992 1266 esse
1007 1256 1022 1278 ‚
1062 1221 1220 1269 hallex
1244 1224 1368 1270 viri?

234 1301 333 1347 Aut
367 1311 684 1360 contrectare,
721 1296 857 1358 quod
888 1312 1036 1341 mares
1070 1296 1288 1343 homines
1318 1298 1514 1344 amant?

233 1374 475 1438 Deglubta
503 1390 694 1422 maena,
728 1370 928 1430 Sarrapis
959 1372 1273 1430 sementium,

234 1447 468 1514 Mastruga
483 1485 495 1507 ,
530 1441 621 1502 ἃλς
646 1445 813 1517 ἀγορᾶς
839 1441 975 1512 ἄμαιι
1005 1458 1114 1494 tum
1143 1458 1304 1493 autem
1328 1447 1517 1509 plenior

235 1520 359 1580 Alli,
395 1525 671 1586 ulpicique,
705 1544 851 1588 quam
884 1523 1085 1572 Romani
1120 1522 1328 1585 remiges.

494 1615 1285 1652 AGORASTOCLES.

235 1675 368 1722 Num
400 1677 522 1734 tibi,
554 1679 852 1737 adulescens,
886 1681 1064 1736 malae,
1098 1687 1178 1722 aut
1210 1676 1375 1721 dentes
1399 1691 1516 1736 pru—-

494 1750 625 1795 riunt
641 1785 655 1807 ,

237 1819 343 1889 Qui
370 1821 478 1867 huic
510 1837 554 1866 es
576 1824 800 1868 molestus
814 1857 829 1879 ‚
855 1838 915 1867 an
942 1823 1114 1866 malam
1130 1837 1233 1866 rem
1253 1818 1515 1881 quaeritas?

461 1912 1265 1950 ANTHEMONIDES.

239 1973 333 2020 Cur
356 1991 454 2020 non
473 1975 758 2033 adhibuisti,
779 1974 898 2033 dum
917 1975 1054 2020 istaec
1075 1973 1332 2034 loquereris
1346 2006 1361 2031 ,
1384 1984 1515 2036 tymf

494 2065 673 2109 panum
691 2050 712 2094 Ξ)

236 2118 359 2166 Nam
383 2131 431 2166 te
459 2122 714 2173 cinaedum
742 2140 835 2169 esse
857 2124 1059 2171 arbitror
1079 2123 1221 2186 magis
1235 2137 1422 2189 ‚nquam
1438 2113 1509 2173 vi-¹

490 2213 616 2243 rum.

493 2281 1277 2318 AGORASTOCLES.

237 2336 388 2397 Scin’‚
433 2354 579 2401 quam
620 2342 843 2390 cinaedus
875 2344 1016 2390 sum?
1058 2343 1123 2387 ite
1157 2341 1289 2386 istinc
1309 2373 1324 2396 ,
1359 2340 1507 2398 servi,

487 2412 635 2458 foras:
