1598 2814
206 156 302 215 568
431 151 1238 202 TRUCULENTUS.
1369 167 1495 215 ψῃ

570 275 608 308 D
646 275 666 307 I
702 274 744 326 N·
772 271 805 305 A
842 274 876 306 R
911 274 939 305 C
977 271 1011 306 H
1048 273 1084 307 U
1119 273 1158 309 S·

657 335 834 382 Resiste
853 371 866 392 ‚
900 335 1038 381 hem!

567 431 1167 466 ASTAPHIUM.

1041 493 1308 538 Frustraes.

517 623 520 626 ,
572 580 610 614 D
645 579 666 612 1
703 581 737 614 N
775 579 809 613 A
846 582 881 615 R
917 580 943 612 c
982 580 1015 613 H
1053 579 1086 612 U
1125 578 1162 613 s.

211 696 253 745 A
434 697 456 731 ρ
1316 627 1503 687 Redin',

255 713 445 744 nnon.

575 775 609 809 A
651 775 672 809 s
713 775 744 808 T
781 773 814 807 A
850 774 879 807 P
916 773 951 807 Η
986 773 1007 806 1
1044 773 1080 806 U
1116 772 1171 805 M.

408 836 634 884 Redeam.
666 837 749 882 sed
773 846 912 883 vocat
933 851 1039 891 me,
1069 850 1193 895 quae
1216 833 1266 879 in
1297 850 1377 879 me
1393 833 1504 895 plus

823 919 979 972 potest
996 942 1008 965 ‚
1041 923 1188 968 quam
1205 917 1356 968 potes.

574 1005 609 1036 D
650 1005 668 1036 1
706 1005 739 1037 N
780 1004 812 1036 A
850 1005 879 1036 R
919 1004 945 1035 c
985 1003 1019 1037 H
1057 1002 1091 1035 U
1128 1001 1164 1035 s.

216 1064 327 1112 Uno
344 1064 496 1111 verbo
517 1064 734 1124 eloquar:
773 1064 948 1109 Mittin’
969 1080 1047 1109 me
1066 1063 1190 1108 intro
1205 1062 1228 1106 ?

574 1156 610 1190 A
647 1156 669 1189 S
707 1157 737 1189 T
775 1156 810 1189 A
849 1158 876 1190 P
915 1157 949 1190 H
983 1158 1003 1189 Ι
1043 1155 1076 1187 U
1114 1156 1172 1188 Μ.

1069 1216 1285 1261 Mendax
1307 1232 1352 1261 es
1368 1248 1382 1272 ‚
1414 1216 1506 1262 abi.

219 1291 385 1338 Unum
405 1291 527 1337 aibas
539 1326 551 1348 ‚
572 1290 653 1337 sed
668 1291 754 1337 tria
771 1291 893 1336 dixti
908 1290 1073 1346 verba,
1086 1299 1230 1350 atque
1245 1289 1506 1336 mendacia.

578 1387 611 1418 D
654 1387 672 1418 1
710 1386 743 1418 N
782 1386 813 1418 A
851 1387 883 1418 R
925 1386 951 1418 c
994 1385 1026 1417 Η
1065 1384 1098 1416 U
1136 1384 1174 1418 s.

220 1448 376 1495 Abiit:
397 1448 523 1493 intro
539 1448 649 1493 hinc
668 1449 764 1494 ivit.
783 1464 870 1511 ego
886 1458 938 1492 ut
956 1448 1070 1493 haec
1085 1447 1203 1492 mihi
1216 1447 1367 1509 patiar
1380 1447 1508 1494 fieri?

214 1520 322 1580 Jam
341 1520 496 1566 hercle
516 1537 604 1584 ego
624 1520 712 1566 tibi
727 1555 745 1577 ,
774 1520 1009 1566 inlecebra
1025 1554 1040 1578 ,
1069 1519 1212 1566 ludos
1231 1519 1396 1566 faciam
1416 1522 1508 1566 cla-

479 1610 614 1639 more
646 1594 695 1639 in
733 1595 830 1640 via:
1225 1594 1230 1596 s

221 1667 361 1738 Quae
390 1665 644 1712 advorsum
664 1667 819 1729 legem
843 1666 1060 1728 accepisti
1079 1683 1105 1712 a
1126 1666 1340 1727 plurimis
1361 1681 1511 1727 pecu-

481 1758 624 1786 niam,
695 1768 696 1771 =

216 1815 324 1874 Jam
345 1816 502 1861 hercle
521 1814 651 1875 apud
672 1830 836 1866 omnes
865 1813 1158 1876 magistratus
1184 1811 1293 1858 faxo
1312 1812 1399 1873 erit
1420 1827 1526 1863 no-⁴⁴

478 1903 592 1932 men
627 1898 782 1931 tuum.

221 1962 333 2008 Post
363 1961 415 2007 id
430 1995 444 2018 ‚
477 1976 564 2025 ego
586 1974 634 2007 te
660 1978 860 2009 manum
882 1961 1089 2025 injiciam
1109 1959 1395 2022 quadrupli,
1423 1976 1509 2008 ve-

480 2034 629 2085 nefica
648 2068 662 2090 ‚

226 2105 508 2170 Suppostrix
532 2124 749 2169 puerum.
780 2124 867 2171 ego
905 2106 1079 2168 edepol
1097 2107 1198 2171 jam
1226 2117 1308 2153 tua
1334 2104 1510 2167 probra
1583 2147 1586 2150 ⁴

482 2179 678 2240 aperibo
715 2180 888 2224 omnia.
1580 2181 1587 2199 ⁸

230 2250 376 2297 Nihili
397 2254 496 2298 me!
519 2252 701 2313 perdidi
726 2269 869 2297 omne
887 2250 1023 2312 quod
1041 2250 1145 2297 fuit.
1166 2251 1228 2296 fio
1244 2248 1509 2310 inpudens;
1582 2246 1585 2253 ⁵

228 2324 328 2373 Nec
355 2326 472 2375 mihi
492 2326 620 2372 adest
637 2327 879 2376 tantillum
896 2326 1030 2391 'pensi
1045 2326 1168 2389 jam,
1186 2338 1306 2383 quos
1324 2321 1507 2383 capiam
1576 2337 1583 2370 ς

479 2401 671 2449 calceos,
