1630 2866
0 2424 32 2461 Ξ

96 123 239 186 ’.36
400 118 671 168 ACTUS
723 119 760 166 I.
810 118 913 166 SC.
967 119 1084 172 111.
1282 122 1377 183 369

98 229 283 276 Vocem
302 238 351 274 te
381 226 442 274 ad
469 243 668 273 coenam
682 262 694 283 ‚
716 226 804 271 nisi
823 238 1010 289 egomet
1032 240 1232 271 coenem
1256 225 1378 272 foris.

99 301 157 348 Ei
174 335 190 359 ,
218 301 402 357 hercle,
431 315 518 364 ego
537 298 688 345 verbo
702 297 904 350 ‚lumbos
927 297 1158 344 defractos
1178 299 1350 358 velim,

99 375 163 422 Ni
190 391 301 422 vere
324 374 539 436 perierit,
567 373 603 418 si
629 372 854 418 coenassit
886 371 1036 418 domi.

100 447 232 494 Haec
253 447 396 493 verba
425 443 654 508 subigu'nt
679 460 759 490 me
778 478 793 501 ,
820 459 974 490 mores
1002 454 1059 490 ut
1080 443 1302 492 barbaros

99 519 290 567 Discam
303 554 316 577 ‚
340 530 485 579 atque
502 529 558 564 ut
575 516 742 563 faciam
759 517 1000 578 praeconis
1020 517 1380 578 conpendiumx

99 592 269 653 Itaque
295 590 565 637 auctionem
591 587 859 651 praedicem
874 623 889 645 ‚
920 588 1018 649 ipse
1052 597 1109 632 ut
1130 602 1348 633 veneam.

426 685 454 717 G
490 684 523 718 R
559 684 591 717 0
631 684 659 716 C
702 683 735 716 Ο
773 682 805 715 Τ
840 681 862 715 Ι
896 681 931 714 U
967 681 1026 714 M.

104 745 198 791 Hic
215 745 295 789 ille
313 755 380 790 est
398 743 621 788 Parasitus
633 777 646 799 ,
666 758 816 803 quem
830 742 1099 787 arcessitum
1115 741 1247 787 missa
1263 757 1383 788 sum.

107 817 248 885 Quae
264 817 494 878 loquitur,
506 816 799 873 auscultabo,
813 815 1091 877 priusquam
1108 816 1381 876 conloquar.

462 902 496 935 G
531 901 563 934 E
597 902 630 935 I.
665 901 700 934 A
736 900 759 934 S
794 901 815 933 I
852 901 896 933 M
915 901 970 933 ’Β
1002 900 1041 934 8.

105 962 201 1009 Sed
228 961 396 1008 curiosi
422 972 533 1007 sunt
566 961 642 1006 hic
677 977 823 1021 quam
852 961 1013 1021 plures
1047 961 1188 1019 mali,

104 1034 288 1080 Alienas
317 1049 386 1079 res
415 1033 501 1094 qui
526 1043 695 1078 curant
725 1031 885 1077 studio
914 1047 1145 1078 maxumo
1165 1067 1179 1089 ,

106 1107 293 1177 Quibus
320 1105 426 1167 ipsis
448 1106 581 1151 nulla
598 1116 667 1151 est
687 1120 756 1150 res
769 1139 783 1162 ‚
810 1121 955 1165 quam
973 1115 1258 1166 procurent,
1279 1122 1380 1154 sua:

103 1179 162 1226 Ei
193 1178 391 1240 quando
418 1194 566 1239 quem
596 1178 871 1224 auctionem
895 1177 1131 1223 facturum
1159 1178 1339 1237 sciunt,

102 1250 332 1307 Adeunt,
360 1251 674 1312 perquirunt,
711 1251 833 1311 quid
871 1251 957 1296 siet
981 1267 1163 1297 caussae
1189 1252 1345 1298 illico:

104 1322 331 1368 Alienum
357 1339 430 1368 aes
459 1335 620 1387 cogat,
652 1340 713 1370 an
741 1325 909 1386 parant
938 1325 1219 1385 prandium:

103 1392 298 1441 Uxorin’
331 1394 390 1440 sit
412 1394 659 1440 reddenda
690 1396 776 1440 dos
795 1395 1013 1450 *divortio
1031 1396 1054 1440 ?
1231 1447 1236 1451 ,

107 1466 201 1511 Eos
219 1464 373 1509 omnis
392 1463 602 1527 (tametsi
620 1465 775 1510 hercle
794 1464 921 1509 haud
936 1465 1154 1528 indignos
1181 1466 1351 1529 judico
1369 1503 1386 1526 ,

110 1535 236 1605 Qui,
251 1546 307 1580 ut
320 1536 530 1580 multum
545 1535 699 1580 miseri
713 1536 805 1580 sint
818 1569 833 1591 ‚
854 1535 1093 1600 laborent)
1111 1538 1180 1582 nil
1197 1555 1382 1585 moror:

109 1608 279 1655 Dicam
308 1608 533 1653 auctionis
564 1624 765 1654 caussam
781 1642 795 1664 ‚
823 1619 879 1652 ut
907 1608 1067 1654 animo
1090 1611 1354 1674 gaudeant,

110 1680 266 1746 (Nam
293 1680 499 1726 curiosus
527 1696 672 1726 nemo
696 1692 791 1736 est,
830 1680 949 1740 quin
980 1682 1038 1727 sit
1063 1683 1387 1747 malevolus,)

109 1753 216 1814 Ipse
242 1763 431 1815 egomet
449 1752 760 1813 quamobrem
785 1753 1055 1798 auctionem
1083 1756 1381 1815 praedicem:

109 1825 297 1871 Damna
326 1829 589 1870 evenerunt
614 1840 838 1870 maxuma
859 1824 1030 1870 misero
1061 1826 1207 1884 mihi,

111 1898 183 1943 Ita
209 1913 288 1942 me
315 1897 568 1957 mancupia
602 1898 832 1943 miserum»
852 1896 1111 1944 affecerunt
1136 1901 1259 1947 male
1273 1935 1289 1958 ,

111 1969 382 2015 Potationes
412 1969 642 2029 plurimae
675 1969 979 2015 demortuaez

112 2043 251 2112 Quot
273 2042 395 2087 adeo
417 2057 613 2098 coenae,
645 2059 759 2103 quas
790 2043 989 2100 deflevi,
1018 2047 1260 2090 mortuae!

115 2115 257 2183 Quot
276 2114 494 2175 potiones
525 2115 691 2160 mulsi!
725 2126 848 2175 quot
875 2127 1036 2160 autem
1060 2117 1277 2177 prandia!

114 2189 253 2257 Quae
276 2188 401 2234 inter
429 2188 711 2234 continuom
742 2188 931 2248 perdidi
956 2190 1230 2237 triennium.

113 2260 226 2306 Prae
246 2277 456 2306 maerore
485 2260 603 2306 adeo
638 2260 774 2305 miser
811 2272 957 2321 atque
994 2262 1287 2324 aegritudine

118 2330 382 2376 Consenui:
418 2346 570 2392 paene
603 2347 710 2376 sum
739 2329 862 2377 fame
890 2344 1145 2379 emortuus.

190 2405 275 2452 Vol.
310 2404 401 2450 111.
1113 2406 1198 2452 Aa
1261 2419 1273 2431 ·
