1630 2866
99 195 258 239 v.121
408 174 719 228 ACTUS
767 175 807 222 1.
854 173 959 222 SC.
1007 170 1073 222 V.
1290 173 1387 234 167

458 299 490 332 P
530 297 553 331 S
587 297 619 330 E
656 295 691 328 U
726 296 765 330 D
798 295 833 329 Ο
868 294 900 327 L
935 293 973 327 U
1008 293 1047 328 S.

855 361 971 407 Non
1000 372 1155 406 unum
1182 358 1386 420 quidem

104 441 248 490 Diem
274 436 449 494 mod0,
477 452 649 484 verum
676 436 834 482 hercle
856 434 908 480 in
934 433 1086 480 omnis
1101 467 1118 492 ,
1145 445 1382 494 quantum

359 523 438 560 est.
473 511 556 557 sed
588 512 624 557 si
649 511 849 558 effecero
865 543 882 567 ,

103 588 276 636 Dabin'
303 587 370 632 mi
400 595 675 648 argentum,
704 581 841 645 quod
865 581 977 628 dem
1002 581 1169 628 lenoni
1193 580 1322 627 illico

55 696 59 697 ν
104 661 212 708 Tua
240 658 527 707 voluntate?

495 751 523 784 C
557 748 594 782 A
630 749 661 782 1,
697 747 727 782 L
761 747 784 781 1
819 747 851 781 1²
883 744 918 780 H
956 745 1006 780 Ο.

521 820 607 880 Jus
635 809 826 866 bonum
859 825 960 862 orat
991 811 1276 861 Pseudolus}

106 888 281 947 Dabo,
314 888 479 949 inque,

617 960 642 994 s
674 960 696 993 1
730 960 775 994 M
812 959 863 992 0.

289 1031 355 1078 At
372 1029 502 1076 enim
517 1028 627 1073 scin’
645 1025 764 1087 quid
788 1024 906 1070 mihi
926 1024 978 1069 in
993 1033 1209 1069 mentem
1226 1014 1387 1068 venit?

110 1102 249 1174 Quid
279 1102 317 1148 si
336 1102 442 1148 hice
458 1101 581 1146 inter
598 1116 647 1169 se
662 1103 1002 1145 consenserunt
1019 1132 1034 1155 ,
1065 1090 1306 1156 Callipho,

104 1177 210 1223 Aut
237 1175 300 1220 de
332 1184 569 1236 conpacto
601 1171 780 1219 faciunt
812 1171 1022 1218 consutis
1057 1169 1177 1216 dolis
1191 1202 1208 1228 ,

110 1248 214 1319 Qui
241 1265 323 1296 me
354 1259 552 1312 argento
584 1245 989 1294 citcumvortant?

461 1347 1052 1383 PSEUDOLUS.

916 1417 1040 1486 Quis
1065 1433 1146 1462 me
1169 1416 1391 1464 audacior

110 1484 181 1537 Sii:
197 1523 212 1547 ,
247 1489 284 1534 si
309 1489 427 1534 istuc
454 1487 634 1534 facinus
660 1487 1074 1535 audeam'facere?
1105 1491 1256 1536 imm'o
1288 1492 1350 1536 sic
1370 1525 1387 1548 ,

362 1560 495 1607 Simo
512 1595 527 1619 ,

111 1632 161 1682 Si
186 1650 346 1680 sumus
369 1634 616 1695 conpecti,
644 1635 740 1683 sive
765 1635 1015 1681 consilium
1044 1652 1281 1696 umquam
1298 1634 1390 1680 'mi-

363 1704 518 1752 vimus

111 1777 189 1824 De
216 1779 327 1824 is'tac
357 1795 438 1836 re,
461 1790 545 1825 aut
574 1779 611 1824 si
644 1778 706 1825 de
727 1794 780 1825 ea
813 1795 868 1826 re
894 1794 1128 1840 umquam
1154 1779 1277 1826 inter
1302 1795 1390 1826 nos

371 1852 708 1898 convenimus:

117 1922 267 1992 Quasi
294 1924 345 1969 ‘m
368 1926 492 1972 libro
522 1943 676 1988 quom
699 1926 971 1972 scribuntur
999 1926 1177 1972 calamo
1202 1926 1395 1986 literae,'

116 1995 240 2043 stilis
262 2012 342 2042 me
374 2008 534 2044 totum
559 2015 713 2060 usque
738 1996 908 2045 ulmeis
932 1999 1232 2047 conscribito.

632 2098 656 2131 s
691 2098 714 2131 1
749 2100 794 2132 M
831 2100 879 2133 o.

118 2165 283 2214 Indice
307 2159 611 2211 ludos'nunc
641 2166 736 2212 ‘iam
755 2200 771 2224 ,
803 2169 1000 2227 quando
1023 2171 1174 2215 lubet.

473 2265 1063 2301 PSEUDOLUS.

119 2334 195 2380 Da
215 2335 267 2380 in
279 2334 409 2381 hunc
426 2333 555 2379 diem
571 2346 789 2394 operam,
806 2332 1021 2395 Callipho
1032 2368 1046 2391 ‚
1066 2350 1237 2395 quaeso
1255 2334 1391 2394 mihi,

122 2405 195 2452 Ne
227 2423 326 2469 quo
350 2419 399 2453 te
418 2406 481 2453 ad
498 2406 629 2453 aliud
649 2421 851 2468 occupes
869 2406 1133 2471 negotium.

1100 2479 1210 2540 L4
