1630 2866
80 142 172 176 ιι
355 124 646 174 ACTUS
696 126 795 174 IV.
844 124 1092 174 SGVI.
1261 142 1355 188 329

440 296 805 345 SCENA
886 297 993 344 Vl.

81 445 678 486 DAEMONES.
740 423 1352 483 TRAcHALIO.

466 593 993 629 DAEMONES.

82 657 248 767 ALI
260 733 468 784 QUAND
483 734 515 767 o
538 721 792 767 osculando
809 721 957 767 meliu
971 722 1054 779 'st‚
1072 736 1219 778 uxor,
1237 737 1356 782 pau-

334 811 430 839 sam
450 795 562 840 fieri.
632 783 642 789 ⁵

83 865 246 927 Atque
278 866 456 913 adorna
471 901 487 924 ,
522 879 579 913 ut
604 884 706 914 rem
735 867 948 915 divinam
977 866 1143 914 faciam
1158 901 1174 924 ‚
1208 883 1360 928 quom

334 938 464 984 intro
493 939 760 996 advenero,
967 980 975 984 -

84 1011 278 1059 Laribus
294 1011 614 1059 familiaribus:
639 1029 793 1075 quom
808 1024 1045 1060 auxerunt
1062 1024 1271 1060 nostram
1291 1014 1360 1060 fa-

332 1084 524 1130 miliam.

85 1153 210 1202 Sunt
239 1155 373 1202 domi-
397 1158 506 1222 agni
541 1170 588 1204 et
616 1159 748 1220 porci
773 1173 928 1204 sacres.
963 1156 1047 1203 sed
1072 1155 1191 1218 quid
1218 1157 1360 1203 istum

340 1247 643 1277 remoramini
661 1267 675 1288 ‚

82 1302 327 1360 Mulieres,
346 1303 742 1350 Trachalionem?
768 1316 915 1365 atque
933 1305 1115 1366 optime
1129 1339 1143 1362 ‚
1173 1320 1362 1362 eccum,

341 1379 439 1423 exit
473 1378 605 1424 foras.
900 1367 903 1373 ¹

441 1469 473 1502 Τ
509 1471 542 1503 R
578 1471 613 1503 A
652 1472 679 1503 c
714 1472 750 1504 n
784 1471 819 1503 A
855 1471 886 1504 1.
920 1471 942 1503 1
978 1472 1026 1504 ο.

87 1536 187 1583 Ubi
211 1537 298 1583 ubi
321 1538 430 1594 erit,
454 1549 614 1585 tamen
636 1541 735 1603 jam
763 1540 1052 1604 investigabo
1067 1574 1082 1597 ,
1102 1551 1150 1587 et
1174 1553 1365 1584 mecum

339 1610 399 1655 ad
427 1622 477 1656 te
506 1611 742 1660 adducam
770 1612 910 1658 simul

87 1683 458 1746 Pleusidippum.

473 1761 509 1793 D
544 1759 579 1792 A
614 1759 645 1792 Ε
684 1759 727 1792 Μ
762 1760 795 1793 o
830 1761 865 1793 Ν
902 1760 933 1792 E
971 1759 1007 1792 s.

392 1829 625 1891 Eloquere
638 1865 652 1887 ‚
679 1841 735 1876 ut
751 1831 865 1876 haec
882 1847 951 1876 res
970 1830 1143 1893 obtigit
1163 1829 1224 1876 de
1242 1831 1359 1877 filia:

88 1902 216 1948 Eum
236 1914 417 1967 rogato,
431 1916 487 1951 ut
502 1905 737 1966 relinquat
752 1906 856 1951 alias
871 1921 940 1951 res
952 1939 967 1962 ‚
984 1916 1031 1950 et
1048 1905 1144 1950 huc
1160 1905 1334 1951 veniat.

444 2000 1025 2033 TRACHALIO.

1216 2050 1365 2097 Licet.

397 2127 1011 2162 ·DAEMON1=.S.

90 2190 275 2250 Dicito,
305 2192 527 2239 daturum
554 2211 711 2241 meam
731 2196 800 2242 illi
817 2196 960 2243 filiam
986 2213 1200 2243 uxorem.

443 2291 1025 2328 TRACHALIO.

1220 2342 1363 2389 Licet.
