1598 2814
233 153 323 198 502
523 133 1194 182 TRINUMMUS.⁴
1401 118 1518 196 ,ναι

237 247 392 295 Modo
420 262 499 293 me
518 244 740 292 Stasimus
760 244 1012 292 Lesbonici
1029 262 1181 293 servos
1201 247 1454 313 ,convenitz
1483 249 1521 296 is

233 320 357 367 Mihi
386 319 506 365 dixit
522 353 536 374 ‚
560 335 700 365 suum
729 318 899 364 herum
933 334 1124 383 peregre
1151 318 1247 367 huc
1278 319 1519 389 advenisse

492 391 811 438 Charmidem.

233 465 378 513 Nunc
408 466 477 512 mi
510 466 545 511 is
577 482 778 527 propere
812 464 1249 517 conveniendu’st;
1280 477 1369 526 ut,
1397 484 1522 530 quae

487 556 599 585 cum
629 540 734 604 ejus
764 540 863 585 filio
1384 603 1387 612 1

233 612 347 676 Egi,
380 613 423 659 ei
450 613 515 658 rei
540 612 718 658 fundus
747 626 878 674 pater
906 613 963 658 sit
993 613 1165 674 potior.
1201 629 1270 658 eo.
1296 611 1380 659 sed
1402 611 1524 658 fores

235 685 339 734 Hae
378 690 536 735 sonitu
567 703 653 732 suo
693 687 813 743 mihi
851 703 1038 733 moram
1071 686 1306 751 objiciunt
1342 686 1547 732 incom-·

495 760 655 807 mode.

625 904 958 961 SCENA
1039 907 1141 952 ΙΙ.

275 1034 662 1071 CHARMIDES..
706 1035 1071 1072 CALLICLES,
1116 1035 1491 1073 LYSITELES,

685 1121 1089 1156 LESBONICUS.
1158 1142 1163 1145 >

597 1236 1192 1274 CHARMIDJES.

237 1287 342 1400 N
347 1364 507 1414 EQUE
537 1350 659 1408 fuit,
694 1368 856 1412 neque
890 1353 1003 1410 erit,
1033 1369 1194 1413 neque
1226 1370 1319 1399 esse
1354 1372 1526 1416 quern-

501 1440 648 1484 quam
666 1423 921 1469 hominum
943 1424 991 1468 in
1011 1435 1130 1470 terra
1145 1425 1266 1474 dum
1282 1425 1506 1486 arbitror,

239 1496 375 1565 Quoi
407 1495 524 1542 fides
552 1495 848 1558 fidelitasque
878 1496 1086 1543 amicum
1114 1513 1219 1562 erga
1245 1499 1530 1561 aequiparet'

495 1588 658 1616 suum:

241 1643 367 1690 Nam
397 1644 788 1692 exaedificavisset
812 1664 892 1693 me
920 1664 980 1693 ex
1005 1648 1074 1695 his
1105 1648 1324 1709 aedibus,
1347 1650 1528 1713 absque

495 1731 544 1766 te
568 1719 705 1767 foret.

592 1806 619 1838 c
657 1807 692 1839 A
727 1806 758 1838 L
795 1807 826 1840 L
861 1807 882 1839 1
920 1809 946 1840 c
981 1809 1011 1841 1.
1051 1809 1081 1840 Ε
1120 1808 1156 1842 s.

242 1864 293 1912 Si
329 1866 450 1928 quid
483 1866 688 1912 amicum
723 1884 831 1932 erga
871 1868 995 1914 bene
1031 1868 1123 1914 feci
1143 1903 1157 1926 ,
1193 1878 1276 1914 aut
1311 1867 1536 1914 consului.

496 1939 727 1996 fideliter,
1101 1955 1103 1958 ·
1155 1945 1165 1955 '

241 2011 357 2057 Non
379 2012 546 2059 videor
574 2013 794 2058 meruisse
821 2014 1036 2060 laudem:
1068 2015 1208 2076 culpa
1237 2014 1526 2060 caruissem-

499 2083 659 2130 bitror.
1328 2098 1333 2102 ’

244 2154 370 2202 Nam
395 2155 709 2213 beneficium,
731 2157 917 2203 homini
934 2159 1186 2221 proprium
1205 2157 1340 2219 quod
1360 2157 1525 2215 datur,

501 2232 752 2293 proprium
785 2234 1024 2280 sumserit:

241 2304 396 2374 Quod
415 2305 577 2352 datum
599 2305 837 2364 utendum
849 2306 924 2364 ’st‚
942 2307 993 2353 id
1009 2297 1261 2368 repetundi
1284 2303 1420 2365 copia
1437 2304 1514 2362 'st‚

493 2380 693 2440 quando
718 2380 844 2427 velis.
