1630 2866
213 137 307 200 326
636 133 1065 181 RUDENS.
1342 148 1497 183 v.1·21

608 255 644 287 D
681 254 715 286 A
753 254 783 287 Ε
823 254 866 286 Μ
903 254 935 287 o
971 255 1006 288 Ν
1040 254 1071 288 Ε
1109 255 1146 289 s.

217 318 385 368 Filiam
404 333 561 364 meam
582 332 675 362 esse
694 315 812 362 hanc
833 325 1047 377 oportet,
1067 315 1228 378 Gripe.

678 409 711 442 G
745 410 780 443 R
814 410 835 442 1
871 410 900 443 P
940 409 976 442 U
1015 409 1052 443 s.

1012 469 1082 515 Sit
1099 485 1183 530 per
1197 485 1276 516 me
1293 470 1502 530 quidem.

216 543 355 612 Quin
378 553 426 588 te
444 542 526 587 Dii
560 558 723 589 omnes
754 541 982 603 perdant,
1014 540 1097 602 qui
1120 558 1200 588 me
1217 540 1364 587 hodie
1389 557 1504 588 ocu-

477 617 530 661 lis
563 616 723 662 vidisti
754 617 871 673 tuis,

216 692 398 752 Meque
421 691 540 736 adeo
561 691 806 736 scelestum
821 724 834 747 ,
852 689 936 751 qui
949 704 1051 734 non
1068 687 1380 749 circumspexi
1399 703 1509 734 cen-

469 773 554 808 ties

217 832 350 879 Prius
363 868 376 890 ‚
401 847 481 879 me
506 849 566 878 ne
583 832 687 892 quis
706 824 987 893 inspectaret
1003 866 1017 889 ,
1038 846 1186 893 quam
1204 841 1302 884 rete
1326 830 1505 883 extraxi

474 922 533 952 ex
563 922 699 969 aqua.

579 991 606 1023 P
644 991 677 1022 A
713 990 742 1021 L
781 989 815 1021 A
852 990 882 1021 E
920 988 942 1021 s
983 989 1014 1020 T
1051 990 1083 1022 R
1121 988 1169 1020 A.

221 1051 333 1097 Post
357 1063 424 1097 est
450 1051 670 1096 sicilicula
700 1051 995 1113 argenteola3
1030 1061 1078 1095 et
1106 1050 1230 1100 duae
1262 1064 1506 1101 connexae

474 1124 736 1173 maniculae
754 1157 769 1182 ,
804 1133 852 1168 et

223 1188 409 1236 Sucula.

674 1265 706 1298 G
742 1268 774 1300 R
810 1266 830 1298 1
868 1266 896 1298 P
935 1265 971 1298 U
1009 1265 1048 1299 S.

287 1327 422 1396 Quin
438 1337 495 1372 tu
513 1326 528 1371 i
549 1326 771 1382 dierecta‚
785 1342 897 1371 cum
914 1327 1072 1372 sucula
1089 1336 1136 1372 et
1151 1340 1263 1372 cum
1279 1326 1505 1388 porculis!

581 1419 608 1451 P
649 1419 683 1451 A
724 1418 753 1450 L
791 1418 824 1450 A
859 1418 891 1450 Ε
930 1418 952 1451 s
992 1418 1023 1451 T
1059 1420 1093 1451 R
1132 1418 1178 1450 A.

223 1487 284 1534 Et
309 1488 439 1534 bulla
462 1503 600 1532 aurea
625 1499 718 1545 est,
738 1498 871 1548 pater
894 1504 1039 1548 quam
1059 1486 1197 1533 dedit
1221 1486 1340 1532 mihi
1370 1487 1512 1532 natali

484 1560 575 1606 die.

614 1639 649 1670 D
686 1639 719 1670 A
756 1638 786 1670 E
825 1639 867 1671 M
905 1639 936 1671 o
976 1640 1010 1671 N
1048 1638 1077 1671 E
1113 1636 1150 1670 S.

224 1698 290 1743 Ea
317 1707 381 1742 est
399 1696 640 1758 profecto!
669 1697 924 1754 contineri,
947 1698 1065 1761 quin
1093 1697 1385 1757 conplectar,
1410 1710 1511 1740 non

479 1786 620 1830 queo.

224 1843 339 1890 Filia
363 1860 499 1900 mea,
536 1843 684 1889 salve!
721 1858 808 1906 ego
840 1842 877 1887 is
904 1858 1038 1901 sum,
1070 1841 1156 1906 qui
1191 1851 1239 1887 te
1269 1840 1512 1902 produxi,

460 1926 636 1978 ‘paterz

225 1989 327 2055 Ego
358 2006 463 2036 sum
484 1989 753 2034 Daemones
769 2021 783 2044 ‚
816 1997 864 2032 et
892 1997 1041 2033 mater
1069 1998 1180 2045 tua,
1206 2002 1313 2033 ecca
1339 1985 1417 2031 hic
1439 1984 1513 2029 in·-

478 2071 576 2117 tus‚
611 2059 843 2107 Daedalis.

584 2156 612 2188 P
656 2156 688 2190 A
728 2157 757 2189 L
795 2156 827 2187 A
864 2156 894 2187 E
933 2155 954 2189 s
996 2154 1026 2187 T
1063 2155 1097 2188 R
1132 2154 1185 2187 A.

228 2217 388 2276 Salve,
414 2219 483 2264 mi
510 2229 643 2280 pater
665 2218 895 2279 insperate
914 2217 927 2261 Β·
986 2255 990 2261 ,

615 2311 651 2343 D
688 2310 723 2343 A
761 2311 788 2349 Ε
827 2309 868 2341 Μ
905 2310 936 2342 o
973 2307 1007 2348 Ν
1042 2309 1072 2348 Ε
1110 2308 1144 2340 s.
1368 2340 1370 2343 ,

705 2368 838 2415 Salve
857 2369 867 2413 !
897 2380 951 2413 ut
974 2380 1020 2413 te
1043 2366 1306 2426 amplector
1329 2362 1507 2410 libens!
