1598 2814
78 169 207 229 v.58
362 163 653 214 ACTUS
703 164 780 210 ῙῙ.
829 163 1080 211 SC.VI.
1266 179 1356 225 551

75 277 352 326 Etiamnum
367 292 446 322 me
462 272 724 336 vilipendit.
742 274 805 330 ad
820 273 872 320 id
886 289 1152 334 purpuram
1169 287 1230 321 ex
1246 271 1355 319 Sara

336 348 423 394 tibi

75 421 248 470 Adtuli
260 457 274 479 ,
289 433 337 468 et
354 420 568 466 induvias
578 420 737 466 Ponto
755 432 984 465 amoenas.
1007 429 1119 464 tene
1135 418 1248 476 tibi,
1266 435 1357 464 vo-

331 495 485 555 luptas
513 509 633 540 mea.

72 567 247 629 Accipe
265 568 371 613 hoc.
388 566 570 612 abduce
589 567 724 612 hasce
746 564 859 611 hinc
877 581 904 610 e
931 575 1189 627 conspectu
1206 562 1353 638 Surast

69 641 259 702 Ecquid
286 647 408 686 alnas
442 656 521 685 me
534 639 556 681 ?

395 732 424 764 Ρ
462 731 496 764 Η
532 732 566 763 R
604 730 636 762 o
675 730 710 762 N
747 728 779 761 Ε
815 726 838 760 s
874 729 895 760 1
931 728 967 760 u
1002 728 1061 761 M.

261 801 395 848 Nihil
410 812 605 847 ecastor:
632 816 795 861 neque
812 815 977 845 meres.

331 896 1122 938 STRATOPHARES.

813 969 1006 1015 Nihilne
1029 969 1139 1014 huic
1160 978 1228 1014 sat
1247 967 1348 1013 est?

68 1041 142 1088 Ne
173 1041 292 1087 mihi
322 1041 526 1088 verbum
559 1042 763 1103 quidem
793 1059 951 1089 unum
981 1042 1133 1090 dixit!
1173 1041 1346 1106 viginti

319 1129 459 1158 muns

66 1183 240 1230 Venire
274 1185 406 1231 illaec
440 1202 574 1247 posse
604 1187 748 1239 credo
789 1187 946 1246 dona,
982 1204 1105 1249 quae
1141 1188 1183 1232 ei
1216 1187 1347 1233 dono

318 1259 446 1305 dedi.

66 1329 385 1376 Vehementer
401 1349 531 1378 nunc
553 1334 671 1379 mihi
690 1346 757 1380 est
770 1335 881 1379 irata
899 1353 910 1380 t
941 1334 1091 1380 sentio
1108 1344 1254 1396 atque
1270 1334 1344 1380 in-

320 1405 508 1467 tellego.

63 1473 244 1520 Verum
261 1476 420 1522 adibo.
449 1478 569 1537 quid
585 1479 646 1523 ais
670 1494 799 1524 nunc
818 1478 905 1524 tu?
932 1494 1115 1539 numne
1141 1480 1209 1525 vis
1229 1496 1308 1526 me
1322 1515 1338 1537 ‚

317 1549 534 1610 voluptas
568 1567 701 1606 mea,

66 1619 185 1689 Quo
214 1631 405 1667 vocatus
434 1639 570 1679 sum,
602 1622 668 1667 i1e
694 1622 757 1667 ad
786 1622 1019 1668 coenam?
1049 1638 1170 1668 mox
1197 1623 1260 1674 ad
1292 1634 1341 1675 te

235 1701 250 1717 ’·
314 1696 408 1740 huc
432 1697 652 1742 cubitum
675 1696 816 1741 ivero.

64 1766 204 1836 Quid
228 1767 384 1813 taces?
413 1769 696 1829 planissume
729 1768 903 1830 edepol
926 1768 1070 1830 perii!
1104 1768 1188 1820 sed
1217 1769 1339 1830 quid

313 1841 427 1886 illuc
453 1841 574 1887 boni
601 1841 701 1887 est?

66 1910 189 1979 Quis
204 1912 349 1957 homo
371 1924 460 1969 est,
477 1915 561 1975 qui
577 1914 763 1960 inducit
775 1931 1004 1976 pompam
1020 1914 1230 1959 tantam?
1245 1931 1339 1962 cer-

313 1994 421 2028 tum
437 1985 517 2041 'st,
543 2002 643 2045 quo
668 1985 816 2032 ferant
831 2021 845 2043 ‚

65 2055 335 2103 Observare.
372 2057 482 2102 huic
511 2060 655 2104 credo
684 2059 843 2106 fertu1.
870 2075 1039 2106 verum
1068 2059 1168 2122 jam
1206 2060 1336 2107 scibo

313 2146 469 2193 magffi.

957 2462 1140 2526 Mm4
