1630 2866
119 186 286 232 '01¹5'
455 166 753 217 ACTUS
803 169 840 214 1.
891 166 1000 215 SC.
1049 168 1126 214 ΙΙ,
1334 172 1395 224 95»

372 283 1156 322 AGORASTOCLES.

122 347 344 408 Namque
378 347 554 408 edepol
590 347 779 391 lucrum
808 360 963 392 amare
994 345 1184 389 nullum
1218 352 1400 388 amato-

374 438 477 467 rem
511 419 727 466 addecet.

376 509 1137 546 ANTERASTILIS.

121 573 723 636 Eamus‚meagermana.

415 654 1144 690 ADELPHASIUM.

446 717 545 782 Age
572 718 658 774 εἰς,
686 727 742 763 ut
769 715 916 762 lubet.
946 733 1140 777 sequere
1171 716 1271 761 hac.

374 811 1139 848 ANTERASTILIS.

1209 862 1403 923 Sequon

385 940 1163 975 AGORASTOCLES.

125 999 256 1048 Eunt
278 1000 376 1047 hae.
405 1001 524 1062 quid
550 1002 586 1046 si
614 1001 868 1047 adeamus?

544 1087 589 1119 Μ
624 1087 645 1119 1
682 1087 713 1120 1.
748 1087 776 1120 P
817 1087 851 1119 Η
892 1088 912 1120 1
951 1087 997 1120 o.

760 1146 926 1194 Adeas.

380 1229 1173 1266 AGORASTOCLES.

776 1294 990 1339 Primum
1015 1294 1169 1354 prima
1188 1294 1308 1338 salva
1328 1291 1404 1338 sis:

123 1359 186 1407 Et
210 1361 417 1407 secunda
446 1374 502 1408 tu
525 1365 736 1411 secundo
762 1366 884 1412 salve
914 1366 965 1411 in
998 1365 1180 1426 pretio:
1216 1364 1355 1410 tertia

125 1429 262 1478 Salve
294 1443 424 1477 extra
455 1436 679 1494 pretium.

546 1521 582 1552 A
617 1522 651 1554 N
686 1523 713 1554 c
750 1522 770 1553 1
806 1522 837 1553 1.
872 1522 902 1554 1.
939 1522 986 1554 A.
1187 1545 1193 1550 .

288 1575 422 1622 Tum
438 1579 525 1639 pol
551 1595 637 1642 ego
662 1591 710 1625 et
736 1582 900 1626 oleum
926 1593 974 1626 et
996 1597 1189 1642 operam
1206 1577 1405 1642 perdidi.

385 1669 1177 1708 AGORASTOCLES.

132 1724 251 1794 Quo
286 1738 335 1772 te
360 1728 484 1791 agis?
876 1745 879 1746 ’

418 1813 454 1845 A
490 1815 526 1847 D
561 1815 591 1848 E
626 1815 659 1848 L
692 1816 723 1848 P
759 1817 794 1849 H
829 1817 863 1850 A
900 1817 923 1851 S
957 1819 980 1851 Ῑ
1018 1818 1053 1851 U
1091 1818 1145 1851 M.

260 1871 461 1935 Egone?
493 1874 546 1919 in
571 1875 740 1921 aedem
762 1876 971 1924 Veneris.

382 1964 1182 2006 AGORASTOCLES.

653 2027 923 2096 Quideo?

423 2106 1150 2150 ADELPHASIUM.

865 2174 1105 2239 Venerem
1136 2178 1410 2238 propitiem.

392 2252 1179 2295 AGORASTOCLES.

136 2311 240 2359 Eho
255 2346 271 2373 ,
306 2329 365 2359 an
401 2314 514 2360 irata
544 2315 598 2360 ’st
612 2315 634 2360 ?
666 2318 871 2378 propitia
901 2319 1059 2368 hercle
1092 2332 1171 2367 est.
1210 2323 1288 2368 vel
1320 2339 1408 2388 ego

281 2395 283 2397 ’
385 2403 475 2448 pro
509 2388 587 2434 illa
615 2389 842 2451 spondeo.
