1630 2866
227 188 307 236 942
567 172 1139 225 POENULUS.
1263 184 1498 245 ’Ἆῤ

226 287 450 356 Quantae
474 301 499 330 e
526 284 763 344 quantillis
782 285 883 348 jam
913 298 1023 332 sunt
1057 287 1230 336 factae!

483 371 1268 410 AGORASTOCLES.

1047 460 1052 466 <
1099 435 1219 483 Scin'
1245 439 1366 499 quid
1398 451 1464 487 est
1477 440 1502 487 Ξ>

225 503 427 548 Graecae
455 513 565 548 sunt
595 503 681 550 hae
712 506 996 557 columnae;
1027 509 1208 555 sustolli
1235 511 1400 558 solent.

545 632 552 637 ,
643 590 685 623 Μ
721 590 741 622 1
778 591 808 625 L
845 592 871 623 P
909 592 941 625 H
979 593 996 624 1
1038 593 1087 626 0.

224 648 412 709 Opinor
436 649 592 698 hercle
612 649 757 695 hodie
787 652 924 712 quod
957 669 1045 717 ego
1066 653 1168 700 dixi
1197 670 1285 716 per
1302 655 1502 719 jocum,

221 722 283 768 Id
316 734 600 769 eventurum
633 740 726 770 esse
761 737 809 771 et
843 742 1058 775 severum
1090 738 1138 773 et
1169 729 1370 786 serium,

222 793 290 840 Ut
322 794 435 839 haec
467 795 772 841 inveniantur
801 797 947 843 hodie
978 815 1071 845 esse
1103 799 1242 864 hujus
1269 800 1403 847 filiae.

481 881 1276 920 AGORASTOCLES.

222 940 312 987 Pol
344 941 471 986 istud
501 942 703 1001 quidem
723 943 825 1006 jam
844 956 1031 991 certum
1054 947 1116 992 ‘st.
1149 958 1206 993 tu
1228 947 1362 1005 istos,
1385 947 1494 995 Mil-

480 1015 594 1076 phio
615 1051 628 1073 ‚

226 1085 428 1132 Abduce
450 1087 600 1133 intro:
640 1103 727 1133 nos
761 1088 893 1134 hasce
918 1088 994 1134 hic
1026 1089 1427 1150 praestolabimur.

509 1243 963 1320 ‘SCENA
1048 1272 1160 1319 JV.

229 1391 846 1450 ANTERASTJLJS,
888 1409 1502 1448 ADELPHASIUM.

355 1516 1031 1554 AGORASTOCLEs,
1081 1515 1373 1552 HANNo.

485 1644 1244 1681 ANTERASTILIS.

224 1700 311 1811 F
318 1772 436 1806 111'1·
466 1760 610 1804 hodie
645 1775 816 1820 operae
849 1758 1058 1821 pretium
1095 1760 1221 1823 ejus,
1260 1757 1345 1818 qui
1375 1767 1505 1806 ama-⁴

478 1831 643 1876 bilitati
683 1830 899 1876 animum
931 1831 1183 1894 adjiceret,

227 1906 393 1953 Oculis
426 1905 584 1967 epulas
617 1904 749 1960 dare,
787 1904 1045 1949 delubrum
1070 1904 1164 1964 qui
1191 1903 1334 1950 hodie
1370 1921 1516 1991 Oma-.

476 1988 582 2023 tum
615 1993 671 2022 eo
701 1976 847 2023 visere
875 1976 1018 2022 venit.

228 2049 457 2098 Deamavi
483 2059 656 2094 ecastor
679 2048 771 2095 illic
797 2064 885 2112 ego
906 2047 1051 2095 hodie
1077 2047 1378 2111 lepidissuma
1392 2039 1510 2096 mu'-T

478 2138 590 2168 nera
619 2123 949 2179 meretricum,
1019 2147 1025 2149 -
1496 2182 1508 2184 ..

161 2203 182 2228 ⁶
228 2195 386 2260 Digna
417 2195 540 2243 Diva
577 2196 912 2241 venustissuma
943 2195 1154 2259 Venere:
1189 2209 1348 2256 neque
1364 2199 1366 2205 “
1384 2208 1500 2257 εφη-

482 2269 617 2314 temsi
644 2271 742 2332 ejus
768 2285 886 2331 opus
911 2269 1081 2320 hodie;
1107 2272 1132 2297 “-
1443 2289 1445 2291 ’

231 2341 386 2388 Tanta
410 2341 476 2389 ibi
500 2342 634 2402 copia
650 2352 951 2402 venustatum
977 2339 1156 2396 aderat,
1183 2339 1234 2383 in
1253 2353 1338 2383 suo
1358 2353 1499 2396 quae·

482 2430 578 2475 que
600 2416 706 2460 loeo
737 2415 819 2460 sita
849 2413 1040 2460 munde.
