1630 2866
80 191 207 238 v.19
403 171 695 222 ACTUS
745 173 784 219 I.
834 171 941 221 SC.
988 174 1050 221 V.
1263 183 1367 238 159

79 283 157 329 Ex
191 281 284 328 hoc
308 282 521 343 sepulcro
547 292 706 328 vetere
742 281 911 346 viginti
941 282 1093 328 minas

80 353 318 402 Effodiam
349 355 613 418 ego-hodie
630 390 644 412 ‚
682 370 796 415 quas
820 354 934 401 dem
962 354 1100 401 herili
1130 353 1243 402 filio.

80 426 221 474 Nunc
237 427 333 474 huc
353 428 632 485 concedam,
650 439 705 473 ut
718 427 894 474 horum
907 443 1176 475 sermonem
1190 428 1360 492 legam-¹

446 564 838 613 SCENA
935 564 982 612 V.

144 696 362 734 SIMO.
404 695 802 735 CALLIPHO‚
836 696 1294 736 PSEUDOLUS.

598 829 844 873 srmo.

77 882 180 994 SI
215 945 276 994 de
310 946 570 1003 damnosis,
598 956 681 992 aut
710 945 772 992 de
797 946 1085 995 amatoribus

77 1020 294 1067 Dictator
325 1019 406 1066 fiat
432 1032 563 1065 nunc
593 1018 792 1064 Athenis
820 1019 987 1065 Atticis
1002 1054 1019 1077 ,

81 1094 239 1141 Nemo
270 1093 519 1140 antecedat
551 1092 681 1151 filio,
714 1093 886 1151 credo,
912 1109 1052 1140 meo:

77 1168 151 1213 Im
179 1183 310 1213 nunc
336 1183 425 1228 per
453 1166 626 1212 urbem
660 1167 783 1212 solus
818 1181 973 1212 sermo
1006 1177 1074 1213 est
1104 1166 1364 1229 omnibus,-

76 1239 205 1286 Eum
231 1240 356 1286 velle
393 1238 591 1284 amicam
615 1237 841 1295 liberare,
877 1249 926 1284 et
956 1253 1182 1299 quaerere

77 1311 343 1375 Argentum
357 1310 419 1356 ad
446 1327 551 1356 eam
563 1327 680 1356 rem.
703 1310 796 1356 hoc
816 1310 894 1356 alii
915 1311 1034 1356 mihi
1054 1313 1362 1374 renuntiant,-

79 1383 243 1445 Atque
282 1384 334 1429 id
358 1385 460 1448 jam
487 1383 678 1444 pridem
703 1383 852 1440 sensi,
882 1395 930 1429 et
952 1383 1139 1431 subolet
1161 1385 1293 1431 mihi.

437 1470 467 1502 Ρ
504 1467 527 1501 S
562 1468 594 1501 Ε
631 1467 668 1500 U
702 1469 740 1501 D
776 1469 809 1501 Ο
845 1469 877 1501 L
914 1467 950 1500 U
984 1467 1022 1501 S.
1229 1503 1234 1507 ,

77 1528 246 1574 Occisa
275 1539 344 1574 est
373 1528 487 1574 haec
514 1544 584 1574 res
597 1561 615 1585 ,
650 1527 809 1574 haeret
837 1528 932 1574 hoc
959 1530 1222 1592 negotium.

83 1600 199 1669 Quo
226 1601 279 1646 in
308 1610 617 1646 conmeatum
645 1600 778 1645 volui
805 1600 1120 1663 argentarium

78 1673 334 1730 Proficisci,
363 1673 431 1719 ibi
461 1688 592 1719 nunc
618 1672 805 1734 oppido
827 1673 1029 1734 obsepta
1059 1683 1130 1718 est
1150 1673 1241 1719 via.

80 1747 359 1809 Praesensit:
392 1748 514 1794 nihil
548 1759 616 1794 est
643 1748 845 1810 praedae
870 1747 1245 1809 praedatoribus.

477 1834 505 1867 c
540 1834 576 1866 A
610 1833 641 1866 1.
675 1833 708 1866 1.
740 1833 763 1866 1
801 1834 830 1866 P
867 1832 903 1864 H
938 1832 988 1865 ο.

80 1893 132 1938 Η
134 1893 313 1939 omines
329 1894 415 1954 qui
431 1904 634 1957 gestant,
654 1893 838 1953 quique
854 1893 1120 1938 auscultant
1138 1892 1359 1958 crimina,

81 1963 131 2010 Si
160 1980 272 2010 meo
303 1966 529 2012 arbitratu
554 1967 720 2024 liceat,
756 1982 922 2012 ornnes
949 1967 1224 2027 pendeant,

84 2037 301 2082 Gestores
327 2039 497 2102 linguis
511 2072 526 2097 ,
562 2040 797 2087 auditores
821 2040 1024 2086 auribus.

81 2108 208 2155 Nam
233 2110 395 2167 istaec,
416 2126 538 2171 quae
568 2112 659 2157 tibi
685 2113 1043 2169 renuntiantur,
1077 2112 1235 2162 filium

82 2181 157 2227 Te
186 2183 311 2230 velle
342 2194 579 2229 amantem
610 2196 804 2248 argento
837 2185 1218 2243 circumducere,

82 2254 294 2301 Forsitan
325 2272 378 2301 ea
403 2256 492 2302 tibi
527 2257 654 2302 dicta
686 2265 797 2301 sunt
818 2255 1073 2301 mendacia.

84 2327 181 2374 Sed
205 2330 242 2374 si
266 2346 375 2375 vera
396 2347 448 2376 ea
465 2343 603 2387 sunt,
622 2341 678 2376 ut
702 2345 832 2375 nunc
860 2345 965 2374 mos
982 2340 1073 2386 est,
1103 2345 1365 2388 maxume,

88 2400 226 2470 Quid
242 2404 419 2452 mitum
430 2403 567 2451 fecit?
580 2403 702 2466 quid
716 2403 1203 2463 novom,aduleecens
1214 2403 1363 2451 homo
