1630 2866
116 185 256 247 v.46
533 175 868 228 ACTUS
931 177 1012 225 11.
1341 188 1404 242 39

346 299 1153 340 ANTHEMONIDES.

122 369 357 418 Ausculta.

609 442 642 475 1.
677 442 715 476 Υ
750 442 778 475 c
813 441 850 475 U
885 438 921 474 s.

379 509 492 555 Non
519 509 690 554 hercle.

350 604 1155 644 ANTHEMONIDES.

259 720 266 723 ,
718 678 876 723 Immo
900 677 1000 741 jam
1030 675 1206 722 elidam
1232 686 1403 736 caput,

124 751 224 798 Nisi
255 751 511 808 auscultas,
538 760 621 796 aut
646 750 681 795 is
714 749 826 795 hinc
853 749 903 793 in
931 749 1104 795 malam
1134 763 1335 794 crucem.

610 859 643 892 1,
677 857 712 891 Y
747 857 775 890 c
811 857 847 889 u
882 854 922 890 s.
1041 830 1045 836 ’

122 913 296 974 Malam
330 943 522 974 crucem
554 928 636 974 ibo
668 926 842 988 potius,

346 1021 1151 1062 ANTHEMONI‘DES.

858 1094 1120 1142 Certumne
1150 1103 1220 1140 est
1250 1092 1370 1139 tibi?

613 1187 924 1224 LYGUS.

121 1242 334 1292 Certum.

349 1326 1153 1364 ANTHEMONIDES.

336 1396 347 1414 '²
364 1397 496 1442 Tum
524 1408 579 1442 tu
606 1396 747 1460 igitur
776 1395 855 1441 die
884 1396 1018 1441 bono
1047 1393 1338 1456 Aphrodisiis

121 1468 310 1522 Addice
338 1480 471 1515 tuam
503 1468 623 1514 mihi
650 1468 950 1514 meretricem
981 1468 1309 1522 minusculam.

125 1541 198 1587 Ita
226 1558 295 1586 res
329 1538 499 1587 divina
520 1541 638 1587 mihi
668 1540 820 1587 fuerit.
854 1558 924 1586 res
948 1541 1080 1586 serias
1183 1538 1188 1542 ’

124 1614 297 1660 Omnis
327 1615 506 1662 extollo
537 1630 598 1661 ex
619 1615 712 1660 hoc
742 1614 820 1660 die
844 1614 897 1659 in
922 1614 1068 1659 alium
1094 1613 1240 1659 diem.

124 1688 216 1734 Pro
247 1688 364 1735 festo
390 1688 529 1735 festos
563 1689 764 1734 habeam
789 1687 1041 1734 decretum
1068 1687 1123 1732 ’st
1148 1687 1282 1733 mihi,

126 1761 268 1821 Nunc
298 1762 409 1809 hinc
435 1778 592 1808 eamus
625 1760 761 1806 intro.

617 1861 653 1909 Ι.μ
688 1862 726 1895 Y
758 1862 786 1894 c
821 1861 859 1894 U
894 1861 931 1896 s.

754 1929 960 1992 Sequere
990 1929 1078 1975 hac
1102 1933 1197 1974 me.'

356 2029 1157 2067 ANTHEMONIDES.

1206 2081 1401 2145 Sequon

129 2150 188 2197 In
216 2150 346 2198 hunc
381 2151 510 2198 diem
535 2153 637 2217 jam
670 2165 780 2201 tuus
812 2172 919 2203 sum
950 2156 1272 2203 mercenarius.
