1630 2866
74 161 210 214 ’.μ’
387 149 675 201 Acrus
719 150 779 199 v.
829 149 936 198 so
985 150 1046 199 v.
1253 165 1347 216 109

77 261 415 312 Effertefiistis.

306 341 1104 380 ANTHEMONIDES.

432 405 563 450 Heus
590 403 669 449 tu!
698 403 734 447 si
761 403 880 463 quid
907 420 991 464 per
1009 404 1177 468 j0cum

76 480 192 530 Dixi
212 515 228 540 ,
252 480 405 526 nolito
434 480 484 524 in
513 478 689 523 serium
715 487 1003 523 convortere.

339 571 1083 608 ANTERASTILIS.

79 636 219 707 Quid
246 635 335 682 tibi
353 634 521 680 lubido
536 634 591 678 'st
602 667 617 690 ,
643 632 833 678 obsecro
846 667 862 689 ‚
880 632 1255 679 Anthemonides
1267 666 1284 691 ,

78 711 238 772 Loqui
266 710 572 756 inclementer
602 717 762 751 nostro
791 717 992 770 cognato
1018 718 1068 752 et
1094 708 1216 769 patri
1231 707 1254 752 Ξ)

78 785 203 830 Nam
217 783 293 828 hic
314 794 470 828 noster
484 791 616 841 pater
638 790 732 824 est:
748 778 824 824 hic
837 795 923 825 nos
938 781 1163 844 cognovit
1178 780 1350 833 mod03

78 857 142 905 Et
166 857 295 902 hunc
324 855 394 901 sui
424 852 569 899 fratris
597 851 761 896 filium.

301 941 1101 982 ANTHEMONIDES.

781 1004 853 1048 Ita
881 1016 959 1047 me
983 1002 1208 1064 Juppiter

78 1077 208 1126 Bene
230 1087 358 1124 amet
373 1112 389 1135 ‚
416 1077 543 1123 bene
571 1077 771 1123 factum!
798 1075 1011 1139 gaudeo,
1031 1087 1079 1122 et
1104 1079 1279 1140 volupe
1295 1080 1349 1125 ’st

326 1150 475 1207 mihi,

76 1221 327 1283 Siquidem
353 1221 471 1283 quid
498 1222 663 1268 lenoni
689 1221 857 1285 obtigit
889 1223 1048 1286 magni
1082 1224 1217 1275 111311ς

77 1297 343 1366 Quomque
375 1314 402 1342 e
432 1297 605 1344 virtute
636 1297 771 1342 vobis
806 1295 994 1342 fortuna
1019 1297 1204 1361 obtigit.

334 1380 1084 1415 ANTERASTILIS.

80 1439 319 1487 Credibile
351 1452 528 1487 ecastor
554 1441 688 1487 dicit:
720 1441 859 1486 crede
893 1442 1028 1499 huic,
1057 1443 1125 1487 mi
1154 1453 1302 1504 pater.

573 1535 907 1568 HANNO.

77 1586 246 1634 Credo.

330 1661 1102 1696 AGORASTOCLES.

207 1722 270 1768 Et
299 1738 387 1785 ego
415 1721 571 1767 credo.
604 1721 686 1766 sed
708 1737 873 1768 eccum
892 1723 1113 1768 lenonem
1132 1722 1347 1786 Lycum5

81 1790 274 1839 Bonum
297 1793 478 1851 virum,
506 1808 672 1838 eccum
688 1793 855 1850 video,
873 1810 920 1839 se
937 1793 1102 1855 recipit
1127 1794 1344 1844 domum.

559 1885 595 1918 Η
630 1886 665 1917 A
698 1885 732 1917 N
765 1886 799 1918 N
834 1886 880 1919 o.

81 1933 205 2004 Quis
231 1933 307 1980 hic
331 1937 430 1982 est?

338 2019 1120 2057 AGORASTOCLES.

434 2079 675 2126 Utrumvis
702 2095 797 2137 est,
824 2094 871 2128 et
899 2084 1010 2129 leno
1035 2094 1084 2129 et
1104 2083 1272 2146 Lycus.

84 2152 146 2199 In
175 2151 397 2198 servitute
427 2151 503 2196 hic
537 2152 702 2197 habuit
731 2153 844 2199 filias
873 2166 1002 2212 tuas,

85 2223 149 2271 Et
175 2224 292 2270 mihi
322 2224 397 2269 hic
431 2223 529 2269 auri
559 2222 638 2268 fur
663 2234 743 2268 est.

561 2309 597 2341 Η
630 2308 666 2341 A
698 2308 732 2341 N
766 2309 801 2342 N
838 2309 889 2341 o.

458 2370 645 2417 Bellum
675 2369 920 2417 hominem
934 2404 951 2429 ‚
980 2386 1128 2431 quem
1154 2371 1349 2428 noveris-J
