1598 2814
183 179 279 227 524
416 165 1220 217 TRUCULENTUS.
1338 181 1466 225 v.77

180 281 455 350 Lactequej
489 282 634 328 corda
669 282 779 328 felle
799 287 921 329 'sunt
955 283 1070 341 lita,
1111 295 1256 347 atque
1295 286 1465 332 acerbo

438 367 586 402 aceto.
1459 366 1464 370 ·

179 429 219 476 Ε
237 430 408 494 linguis
432 430 557 476 dicta
578 429 736 476 dulcia
761 429 878 474 datis
893 464 906 486 ,
932 428 1079 476 corde
1111 447 1262 477 amara
1288 430 1434 478 facitis

178 501 401 549 Amantes
423 538 437 562 ‚
472 505 508 549 si
538 504 625 565 qui
659 520 762 549 non
799 503 999 549 danunt.

535 598 572 632 A
608 599 630 633 S
669 600 700 632 T
736 598 771 632 A
809 600 838 633 P
874 599 909 633 H
944 600 964 632 1
1002 598 1037 632 U
1071 598 1130 632 M.

921 661 1035 707 Non
1062 659 1210 706 didici
1240 659 1464 707 fabulare.

536 745 572 778 D
610 745 630 777 1
666 746 700 778 N
735 745 771 778 A
805 746 839 779 R
875 747 902 778 C
940 746 975 779 H
1013 745 1048 778 U
1085 745 1122 779 S.
1436 750 1443 757 ’

174 803 288 851 Non
318 806 456 852 istaec
485 822 592 851 mea
618 806 883 870 benignitas
918 806 1085 852 docuit
1111 813 1159 851 te
1180 804 1409 862 fabulari,

174 875 270 922 Sed
289 877 394 935 isti,
433 878 519 938 qui
548 893 663 924 cum
697 878 859 925 Geniis
891 878 980 924 suis
1012 877 1321 942 belligerant,
1355 891 1466 938 pat-
1540 903 1543 906 <

429 968 642 1014 c1prom1.

171 1021 297 1069 Mala
316 1040 360 1070 es
374 1058 388 1082 ,
409 1036 556 1087 atque
574 1025 741 1071 eadem
759 1058 772 1082 ,
792 1041 916 1086 quae
931 1023 1075 1081 soles,
1099 1022 1348 1071 inlecebra.

535 1119 571 1151 A
607 1119 629 1153 s
667 1120 702 1152 T
736 1119 772 1152 A
809 1119 839 1152 Ρ
880 1119 917 1152 Η
951 1119 971 1151 1
1010 1117 1046 1150 U
1081 1118 1139 1151 M.

299 1197 319 1215 ο
1077 1174 1143 1222 Ut
1174 1184 1466 1238 exspectatus

169 1241 370 1307 Peregre
405 1242 637 1291 advenisti
660 1243 670 1287 !

519 1330 557 1365 D
593 1329 614 1362 1
652 1329 687 1362 Ν
727 1324 763 1359 Α
798 1327 832 1360 R
870 1327 896 1360 c
935 1327 971 1360 Η
1007 1327 1044 1361 U
1079 1325 1118 1361 s.

553 1389 684 1435 Nam
714 1387 950 1434 obsecro}>

529 1481 563 1516 A
599 1482 622 1516 S
661 1480 693 1513 T
730 1479 765 1512 A
805 1481 833 1513 P
870 1479 906 1513 H
940 1480 962 1513 I
997 1480 1033 1513 U
1072 1478 1127 1512 Μ.

774 1585 780 1593 ,
809 1539 1047 1602 Cupiebat
1069 1550 1119 1585 te
1143 1538 1254 1585 hera
1284 1538 1460 1588 videre.

523 1622 561 1656 D
596 1623 618 1655 1
653 1623 687 1656 N
723 1622 759 1657 A
794 1625 829 1658 R
866 1621 895 1656 c
932 1624 967 1657 Η
1000 1623 1037 1656 U
1076 1622 1115 1657 s.

171 1681 307 1752 Quid
333 1681 564 1729 tandem?

529 1767 566 1801 A
602 1768 623 1802 s
661 1768 693 1801 ‘r
728 1769 764 1802 A
799 1769 827 1802 P
865 1769 900 1802 Η
934 1769 955 1802 1
994 1769 1030 1803 U
1065 1770 1121 1804 M.

394 1828 468 1874 Te
493 1844 647 1874 unum
669 1844 729 1875 ex
748 1828 971 1874 omnibus
992 1839 1132 1874 amat.

528 1923 565 1957 D
603 1923 625 1956 1
661 1924 694 1956 N
729 1922 766 1956 A
800 1924 834 1957 R
873 1923 900 1955 C
937 1922 973 1955 Η
1009 1922 1045 1956 U
1081 1922 1118 1956 S.
1228 1955 1231 1958 .

849 1984 1013 2049 Euge,
1041 1982 1196 2040 funde
1223 1994 1271 2030 et
1289 1981 1457 2039 aedes,

168 2057 255 2104 Per
279 2069 468 2120 tempus
503 2054 782 2107 subvenistis'
801 2057 944 2103 mihi!
965 2057 1048 2103 sed
1072 2057 1195 2119 quid
1216 2057 1278 2103 ais
1293 2091 1308 2116 ‚
1327 2055 1454 2102 Asta-

974 2129 1185 2193 phium?

526 2215 562 2249 A
598 2214 620 2249 s
659 2215 691 2248 'r
728 2215 764 2249 A
799 2216 827 2248 P
866 2215 901 2249 H
935 2215 957 2249 1
996 2215 1032 2261 u
1064 2215 1125 2252 M.

1182 2261 1319 2333 Quid
1343 2262 1410 2310 vis
1427 2262 1450 2307 ἓ·

525 2346 562 2377 D
600 2346 622 2378 1
656 2344 692 2378 N
727 2342 763 2377 A
800 2346 834 2379 R
870 2344 897 2378 C
933 2343 968 2377 H
1002 2344 1038 2378 U
1071 2343 1108 2377 S·

166 2410 308 2458 Estne
335 2413 463 2459 intus
487 2427 618 2459 nunc
645 2410 998 2460 Phronesium?
