1630 2866
99 176 235 236 «μὴ
395 171 678 221 AcTus
727 172 830 219 1v.
883 171 1115 220 SC.11.
1312 185 1373 236 7⁵

99 282 210 346 Suas
230 282 477 345 populares
498 316 511 339 ,
535 281 711 326 liberali
741 296 906 326 caussa.

516 367 560 399 M
596 367 617 399 1
651 366 683 399 Ι.
719 365 747 397 Ρ
783 364 818 398 n
853 366 872 398 1
909 365 957 398 o.

853 425 1041 471 Tacitus
1074 436 1175 471 tace
1205 425 1372 473 modo.

388 510 1103 546 SYNCERASTUS.

107 572 324 619 Profecto
355 573 416 618 ad
446 572 606 617 incitas
629 572 856 617 lenonem
883 570 1090 633 rediget,
1122 570 1156 615 si
1188 586 1260 615 eas
1291 569 1375 616 ab·

353 645 552 698 duxerit.

518 730 560 763 M
595 730 616 762 1
652 730 683 763 1.
716 729 746 762 P
783 729 819 762 H
858 729 879 762 1
917 729 965 762 Ο.

103 790 241 860 Quin
268 790 394 852 prius
438 790 680 851 disperibit
694 824 709 848 ‚
742 789 851 835 faxo
866 823 880 848 ‚
918 806 1062 850 quam
1099 805 1245 834 unam
1277 789 1370 834 cal-

347 878 452 908 cem
478 872 658 909 avent.

100 934 172 980 Ita
200 925 496 996 paratum’st.

315 1003 1089 1052 «SYNCERRsrus.

157 1078 228 1124 Ita
243 1077 324 1124 Dii
341 1077 491 1124 faxint
502 1110 517 1135 ,
547 1094 610 1124 ne
628 1078 758 1139 apud
773 1079 1000 1124 lenonem
1017 1078 1145 1122 hunc
1160 1075 1371 1122 serviam.

136 1186 182 1232 ⁶
510 1171 554 1204 M
591 1171 611 1202 1
647 1170 678 1203 1.
712 1171 741 1204 P
778 1171 812 1204 Η
847 1173 868 1204 1
905 1172 952 1204 0.

92 1237 232 1306 Quin
263 1239 419 1286 hercle
454 1240 742 1288 conlibertus
771 1258 906 1289 meus
937 1241 1047 1289 faxo
1077 1242 1161 1288 eris
1180 1276 1195 1299 ,
1224 1240 1262 1287 si
1289 1239 1372 1286 Dii

345 1313 525 1361 volent.

384 1395 407 1428 s
443 1395 479 1428 Y
514 1397 547 1429 Ν
586 1397 613 1430 c
648 1398 679 1431 Ε
714 1399 749 1432 R
782 1400 818 1431 A
853 1400 876 1433 s
914 1400 946 1431 Τ
985 1398 1021 1431 U
1058 1399 1097 1432 s.

96 1453 168 1500 Ita
194 1454 275 1500 Dii
302 1454 466 1501 faxint
491 1459 735 1519 numqmd
764 1460 895 1506 aliud
921 1478 1000 1506 me
1023 1477 1231 1518 morare,
1257 1459 1368 1505 Mil-

345 1528 496 1588 phio?

505 1608 549 1640 Μ
583 1608 604 1640 1
638 1608 669 1641 L
704 1609 733 1641 P
771 1609 806 1642 Η
839 1609 861 1641 1
898 1610 947 1644 ο.

88 1662 276 1722 Valeas,
312 1664 535 1727 beneque
565 1679 621 1713 ut
649 1669 735 1714 tibi
761 1670 831 1715 sit.

378 1757 1092 1796 SYNCERASTUS.

394 1816 482 1862 Pol
509 1818 630 1865 istuc
652 1812 743 1865 tibi'
761 1831 808 1866 et
831 1820 945 1867 hero
964 1832 1050 1867 tuo
1070 1823 1123 1867 ’st
1139 1822 1189 1867 in
1205 1837 1364 1868 manu.

90 1885 205 1938 Vale
223 1921 238 1946 ,
269 1899 316 1935 et
335 1889 447 1938 haec
476 1907 613 1950 cura,
644 1895 912 1940 clanculum
929 1894 1095 1943 ut'sint
1125 1897 1263 1943 dicta.

502 1977 547 2010 M
580 1980 603 2012 1
639 1980 670 2013 I.
703 1980 732 2013 P
768 1980 802 2013 H
837 1981 858 2013 1
896 1982 945 2014 Ο.

807 2041 920 2087 Non
946 2043 1163 2089 dictum’
1166 2055 1220 2090 st.
1248 2044 1363 2091 vale·

380 2119 402 2152 S
439 2121 474 2152 Y
505 2123 541 2155 N
579 2125 606 2156 C
641 2125 672 2157 E
707 2128 741 2159 R
777 2128 812 2160 A
848 2127 870 2160 S
909 2129 940 2161 T
976 2129 1012 2161 U
1051 2130 1090 2163 S.

91 2178 155 2225 At
174 2179 301 2226 enim
322 2179 441 2225 nihil
459 2191 526 2226 est
535 2187 555 2238 ‚'.
566 2183 676 2239 nisi,
705 2185 824 2230 dum
843 2189 961 2233 calet
973 2220 993 2244 ,γ
1006 2189 1099 2235 hoc
1117 2190 1284 2252 agitur.

506 2266 550 2299 M
585 2267 605 2299 1
639 2268 670 2301 L
707 2269 736 2301 P
775 2269 810 2301 Η
844 2270 864 2302 1
901 2271 947 2303 o.

718 2327 929 2390 Lepidus
945 2364 959 2387 ‚
988 2346 1142 2392 quom
1165 2349 1354 2382 monesz

91 2387 152 2434 Et
170 2388 261 2435 hoc
283 2389 346 2434 ita
373 2390 466 2435 fiet.
