1630 2866
231 214 323 247 102
576 173 1158 240 pommus.
1383 203 1521 247 mo

224 305 388 366 Atque
422 302 651 364 equidem
685 302 911 365 ingenuas
932 331 948 358 ‚
981 299 1149 347 liberas
1168 333 1181 357 ‚
1214 302 1503 361 summoque
1579 343 1583 346 a

482 392 656 439 genere
682 385 855 438 gnatas,
1083 435 1104 452 s

532 458 1263 496 ADELPHASIUM.

229 526 508 585 Numquam
547 534 777 570 mecastor
807 523 1007 586 reperies
1035 533 1091 568 tu
1128 522 1246 568 istuc
1277 523 1512 584 probrum

481 612 626 658 penes
656 613 756 641 nos.

491 681 1289 729 AGORASTocLVES.

229 745 304 792 Da
335 746 537 810 pignu5‚
570 744 621 791 ni
649 759 782 793 nunc
814 744 1051 808 perjures,
1089 743 1140 790 in
1166 741 1377 801 savium,
1414 752 1518 788 uter

484 818 579 862 utri
614 817 708 862 det.

524 899 1320 944 ADELPHASIUM..

234 964 365 1011 Nihil
393 976 553 1011 tecum
587 982 704 1027 ago,
738 965 940 1011 abscede
969 965 1177 1010 obsecro.

489 1055 1286 1095 AGORASTOCLES.

595 1120 759 1182 Atque
785 1122 939 1166 hercle
970 1135 1162 1167 mecum
1192 1117 1438 1180 agundum
1457 1117 1522 1164 ’st.

235 1194 359 1240 Nam
382 1194 456 1238 hic
488 1204 684 1255 patruus
713 1209 828 1239 meu
849 1195 929 1238 ’stt
965 1209 1053 1253 pro
1083 1193 1177 1238 hoc
1211 1190 1332 1238 mihi
1362 1201 1520 1252 patro-

487 1282 577 1311 nus
604 1266 691 1311 sim
718 1282 902 1311 necesse
930 1277 1008 1311 est.

237 1337 294 1385 Ei
311 1336 614 1398 praedicabo,
635 1338 890 1398 quomodo
909 1354 991 1384 vos
1008 1337 1134 1384 furta
1155 1335 1327 1382 faciatis
1345 1336 1520 1381 multa:

239 1411 455 1479 Quoque
487 1411 637 1456 modo
671 1412 866 1476 hujusce
898 1412 1011 1458 filias
1044 1409 1173 1472 apud
1203 1424 1287 1455 vos
1318 1407 1525 1454 habeatis

493 1501 670 1541 servas,

241 1555 372 1624 Quas
400 1573 484 1604 vos
519 1574 579 1604 ex
613 1556 761 1619 patria
792 1555 958 1601 liberas
994 1554 1237 1615 subreptas
1267 1563 1361 1600 esse
1386 1552 1521 1601 scitiS.

535 1646 1267 1684 ADELPHASIUM.

241 1709 336 1755 Ubi
360 1722 469 1758 sunt
497 1712 611 1756 eae?
640 1722 721 1757 aut
747 1727 869 1772 quae
896 1720 1033 1766 sunt,
1061 1705 1290 1754 obsecro?

494 1793 1289 1831 AGORASTOGLES.

969 1853 1086 1900 Satis
1113 1865 1224 1900 sunt
1253 1867 1527 1900 maceratae.

737 1943 774 1977 H
807 1942 843 1975 A
878 1945 911 1977 N
948 1945 980 1977 N
1018 1942 1063 1975 Ο.

248 1996 384 2067 Quin
411 1997 617 2058 eloquar.

504 2078 1295 2119 AGORASTOCLES.

470 2142 652 2188 Censeo
678 2141 836 2186 hercle
854 2175 867 2198 ‚
895 2153 1074 2202 patrue.
1294 2145 1298 2155 ‘

536 2212 1265 2272 ADELJPHASIUM.
1439 2239 1444 2243 -

999 2287 1165 2332 Misera
1194 2284 1368 2338 timeo,
1400 2281 1522 2340 quid

250 2359 356 2406 Hoc
385 2361 442 2406 sit
466 2359 654 2422 negoti,
684 2371 790 2405 mea
816 2374 969 2406 soror:
1002 2358 1066 2405 ita
1092 2353 1277 2417 stupida
1298 2352 1395 2399 sine
1424 2353 1524 2399 ani-

507 2448 590 2478 mo
617 2442 728 2479 asto.
