1630 2866
61 193 195 243 v.18
322 188 612 241 ACTUS
660 188 761 237 IV.
811 188 1104 237 SC.VII.
1249 203 1346 254 213·

60 304 128 352 Ut
153 303 319 361 sciam,
358 300 480 362 quid
512 299 579 346 rei
609 298 719 345 siet:
757 313 820 343 ne
851 297 946 344 illic
975 297 1125 344 homo
1150 313 1230 344 me
1266 299 1343 354 lus

186 384 191 388 ”
321 374 559 421 dificetur.

62 450 236 512 Neque
266 448 534 511 quidquam
558 458 625 494 est
644 446 837 502 melius,
865 461 1011 506 quam
1037 456 1095 492 ut
1119 446 1213 492 hoc
1233 446 1345 507 pul-

318 533 444 578 tem,
475 531 621 581 atque
652 520 863 580 aliquem

63 593 275 642 Evocem
307 594 402 638 huc
450 593 590 638 intus.
635 594 747 639 leno
780 603 1027 657 argentum
1054 591 1148 639 hoc
1174 594 1288 639 volo
1317 610 1347 640 a

74 674 80 679 ”
318 682 398 711 me
423 666 641 728 accipiat,

64 739 229 800 Atque
246 738 431 784 amittat
459 739 711 785 mulierem
744 755 876 786 nunc
901 756 1094 788 mecum
1115 740 1267 788 simul.

67 877 119 925 H
293 876 317 911 ρ
519 824 888 860 BALLIO.

121 887 305 924 eustu.

228 1004 366 1076 Quid
396 1004 495 1052 vis?

518 1089 551 1122 Β
585 1087 620 1121 A
654 1087 685 1120 1.
719 1087 751 1120 1.
786 1087 808 1120 1
843 1087 895 1121 o.

473 1149 566 1196 Hic
592 1148 742 1195 homo
770 1163 886 1194 meu
907 1147 976 1194 ’st.

581 1233 606 1268 S
639 1234 663 1267 Ι
698 1234 744 1268 Μ
780 1233 828 1267 Ο.

957 1284 1237 1356 Quidum?

1219 1417 1346 1486 Quia
1395 1380 1399 1382 '

26 1483 30 1488 ’
70 1488 247 1537 Praeda
267 1489 382 1533 haec
407 1502 511 1532 mea
534 1497 624 1532 est:
650 1497 858 1533 scortum
875 1488 1056 1547 quaerit
1070 1521 1084 1546 ,
1106 1489 1250 1535 habet
1272 1506 1347 1534 ar-

329 1570 541 1624 gentum.
641 1597 651 1607 ,

66 1635 174 1695 Jam
202 1633 479 1681 admordere
508 1633 639 1679 hunc
672 1632 791 1678 mihi
818 1631 969 1678 lubet.

588 1718 611 1752 s
647 1719 668 1751 1
703 1719 747 1751 M
784 1718 834 1751 o.

67 1778 238 1841 Jamne
255 1779 409 1827 ‘illum
444 1794 712 1826 comesurus
741 1779 824 1824 es?

526 1864 556 1898 B
589 1864 626 1898 A
658 1865 690 1898 1.
724 1865 757 1898 1.
780 1864 813 1912 *1
851 1864 901 1898 0.

834 1924 969 1970 Dum
999 1937 1159 1970 recens
1188 1931 1286 1982 est,'

77 1995 214 2044 Dum
242 1994 409 2052 datur,
437 1996 557 2042 dum
586 1998 738 2054 calet,
772 1995 984 2043 devomi
1013 1997 1175 2043 decet:
1206 2013 1318 2044 nam

76 2068 201 2116 Boni
227 2068 316 2114 viri
347 2084 425 2114 me
455 2081 714 2131 pauperant
731 2105 745 2126 ,
774 2070 966 2131 inprobi
991 2071 1126 2116 alunt
1139 2106 1157 2129 ‚

77 2142 272 2206 Augent
298 2157 402 2188 rem
431 2158 589 2187 meam
618 2143 759 2193 mali3
790 2142 962 2203 populi
995 2142 1172 2188 strenui

78 2214 272 2262 Damno
301 2213 450 2271 mihi,
479 2214 682 2276 inprobi,
697 2215 803 2260 usui
835 2225 955 2261 sunt.

590 2297 614 2331 S
649 2300 671 2332 1
706 2299 750 2332 M
787 2297 831 2332 0.

592 949 834 985 slMo.

494 1364 897 1417 ‚BALLIQ

983 2350 1190 2396 Malum!

82 2421 238 2491 Quod
266 2421 356 2474 tibi
384 2420 466 2468 Dii
494 2420 708 2480 dabunt,
740 2420 825 2483 qui
853 2421 917 2469 sic
946 2422 1174 2469 scelestum

1060 2494 1163 2554 03
