1630 2866
253 168 384 231 130'
564 167 1208 221 PSEUDOLUS.
1409 178 1536 238 v.84

248 276 533 325 Drachmam
566 275 679 321 dare
710 276 778 323 mi
810 292 989 337 unam,
1027 296 1177 341 quam
1210 297 1304 328 cras
1333 281 1539 332 reddibo

499 349 629 396 tibi?

598 445 631 479 P
670 444 692 479 S
729 444 759 480 E
795 445 831 478 U
866 446 902 478 D
943 447 976 480 Ο
1016 447 1047 481 L
1083 447 1119 482 11
1155 447 1190 482 S.

250 506 346 554 Vix
374 507 530 552 hercle
558 507 758 568 opinor,
786 507 830 552 si>
853 525 933 554 me
961 508 1208 572 obponam
1233 512 1436 578 pignori.

250 579 347 625 Sed
380 578 500 641 quid
527 580 588 626 de
619 580 842 628 drachma
871 581 1020 629 facere
1042 585 1112 631 vis
1129 582 1152 628 ?
1212 596 1215 598 ’

603 683 1188 721 CALIDORUS.

1170 747 1353 796 Restim
1380 751 1495 799 volo

247 811 365 858 Mihi
393 827 562 859 emere.

600 889 632 923 P
668 885 692 923 S
728 889 758 922 E
795 886 832 923 U
866 889 906 923 D
943 889 978 925 0
1012 889 1046 924 L
1079 889 1118 924 U
1151 888 1192 926 S.

550 949 923 1018 Quamobrem?

601 1042 630 1074 c
665 1043 700 1076 A
734 1040 766 1075 1.
803 1044 825 1075 1
861 1043 898 1075 D
936 1044 968 1076 o
1004 1045 1039 1077 R
1074 1043 1111 1076 U
1143 1042 1182 1077 s,
1545 1087 1548 1090 y

854 1102 956 1169 Qui
981 1119 1062 1149 me
1091 1103 1259 1149 faciam
1285 1104 1535 1166 pensilem.⁴

246 1181 444 1227 Certum
461 1178 516 1224 ’st
532 1177 652 1223 mihi
671 1187 779 1222 ante
799 1175 1019 1222 tenebras
1031 1211 1046 1234 ,
1066 1177 1282 1224 tenebras
1297 1180 1533 1241 persequi.

599 1273 628 1305 P
669 1271 692 1305 s
726 1272 757 1305 Ε
794 1271 831 1304 U
866 1273 903 1304 D
947 1272 980 1306 ο
1015 1272 1046 1305 L
1084 1273 1119 1306 U
1154 1271 1191 1306 s.

246 1343 371 1413 Quis
388 1342 456 1388 mi
473 1340 614 1404 igitur
633 1340 904 1386 drachmam
919 1339 1110 1398 reddet,
1127 1340 1164 1386 si
1182 1339 1397 1388 dederim
1411 1342 1534 1390 tibi?

244 1415 327 1462 An
357 1425 412 1460 tu
446 1425 496 1459 te
523 1429 576 1458 ea
605 1429 760 1459 caussa
783 1413 851 1460 vis
875 1413 1020 1459 sciens
1053 1413 1370 1474 suspendere,

243 1488 309 1534 Ut
345 1502 426 1534 me
454 1485 702 1532 defraudes
727 1485 973 1544 drachma,
1008 1485 1043 1532 si
1072 1485 1286 1533 dederim
1313 1485 1403 1532 tibi
1418 1485 1443 1534 ἓ

601 1579 628 1611 c
665 1579 701 1612 A
733 1579 764 1612 L
800 1580 822 1612 1
857 1580 894 1613 D
934 1580 967 1613 o
1002 1581 1037 1614 R.
1071 1579 1109 1612 u
1146 1568 1187 1614 s}

239 1647 462 1695 Profecto
490 1648 628 1696 nullo
661 1658 802 1709 pacto
831 1664 1026 1709 possum
1050 1647 1238 1704 vivere,

239 1722 290 1768 Si
322 1721 400 1766 illa
424 1736 451 1765 a
479 1736 558 1766 me
590 1719 878 1767 abalienatur
909 1730 1055 1781 atque
1084 1717 1352 1770 abducitur.

597 1811 627 1844 Ρ
664 1811 687 1846 s
722 1811 753 1844 Ε
791 1811 828 1844 U
851 1812 900 1850 ‚D
935 1812 968 1846 ο
1002 1812 1035 1846 1.
1073 1810 1110 1846 U
1145 1810 1184 1852 s.

241 1874 379 1945 Quid
403 1873 515 1930 fles,
546 1872 752 1922 cucule?
779 1871 922 1918 vives.

597 1964 627 1998 C
660 1964 697 1998 A
730 1965 763 1998 L
797 1964 820 1997 1
855 1965 892 1997 D
929 1964 962 1997 Ο
998 1964 1034 1998 R
1069 1963 1104 1997 U
1142 1963 1181 1998 S.

941 2022 1079 2092 Quid
1105 2021 1194 2089 ego
1221 2024 1273 2084 ni
1304 2021 1481 2072 fleam?
1502 2028 1526 2066 -ss

237 2099 371 2168 Quoi
406 2113 492 2144 nec
526 2107 713 2159 paratus
747 2113 976 2146 nummus
1005 2099 1183 2161 argenti
1210 2099 1326 2145 siet:

235 2171 408 2233 Neque
437 2170 555 2231 quoi
587 2169 772 2219 libellae
800 2187 904 2233 spes
929 2170 987 2216 sit
1018 2187 1220 2231 usquam
1251 2169 1480 2235 gentium.

594 2265 1246 2301 PsEunoL.us,ffl
1326 2255 1403 2298 ,ζ’

235 2338 301 2388 Ut
325 2338 567 2384 literarum
591 2354 684 2402 ego
710 2338 880 2384 harum
905 2352 1175 2384 sermonem
1199 2332 1339 2380 audio
1353 2366 1370 2392 ,

232 2411 333 2458 Nisi
363 2423 418 2458 tu
453 2413 523 2458 illi
553 2412 783 2458 drachmis
809 2411 990 2458 fleveris
1011 2408 1270 2474 argenteis,
