1630 2866
223 182 290 244 ,γε
460 174 464 179 ’
567 182 1142 232 POENULus.
1377 201 1504 250 v.94

515 303 1224 339 SYNCERASTU&

352 364 506 410 Proba
537 362 730 409 materia
762 363 866 409 data
891 364 971 420 ’st‚
1013 364 1049 409 si
1077 365 1283 426 probum
1311 364 1507 412 adhibes

930 437 1132 484 fabrum.

642 515 686 549 M
721 517 743 549 I
780 516 810 550 L
846 517 874 549 P
917 516 951 548 H
989 517 1009 549 I
1050 517 1095 549 Ο.

222 576 372 624 Potin’
399 588 454 623 ut
484 576 664 623 taceas?

512 668 1226 704 SYNCERASTUS.

478 731 665 787 Taceo,
689 740 834 790 atque
866 730 1000 776 abeo.

633 833 679 867 M
714 833 735 865 1
771 833 801 865 1,
839 833 867 865 P
911 832 945 865 Η
980 834 1002 866 1
1039 834 1085 866 o.

785 893 907 939 Mihi
938 894 1330 940 commoditatem
1364 909 1500 941 creas.

221 966 322 1012 Illic
340 966 452 1013 hinc
476 967 603 1012 abiit.
634 967 715 1012 Dii
742 967 1015 1012 inmortales
1033 985 1198 1013 meum
1220 968 1388 1013 herum
1410 983 1503 1014 ser-

480 1050 646 1086 vatum
671 1023 872 1095 vohflat,

221 1111 284 1157 Et
307 1111 434 1156 hunc
458 1109 773 1172 disperditum
798 1109 1048 1155 lenonem:
1077 1120 1266 1156 tantum
1296 1126 1408 1156 eum
1428 1111 1502 1157 in·-

473 1193 559 1227 stat
590 1193 719 1227 exttl.
762 1208 764 1214 ·
897 1202 905 1207 ··
1414 1214 1460 1257 ·

221 1251 380 1299 Satine
402 1254 677 1316 priusquam
706 1254 930 1310 unum='st
947 1254 1177 1319 injectum
1197 1255 1373 1313 telum,
1395 1266 1502 1322 tum

473 1328 614 1373 instat
639 1328 867 1374 alterum!

217 1399 309 1446 Ibo
341 1402 495 1457 intro,
539 1401 652 1447 haec
687 1411 743 1446 ut
782 1416 892 1446 meo
925 1400 1041 1446 hero
1079 1399 1356 1447 memorem.
1390 1415 1502 1446 nam

471 1474 565 1519 huc
591 1474 626 1519 si
655 1484 764 1519 ante
799 1473 924 1519 aedis
952 1489 1144 1518 evocem
1164 1508 1178 1531 ‚
1491 1486 1494 1487 ’

222 1544 462 1613 Quaeque
497 1547 736 1593 audivistis
772 1547 924 1593 modo
944 1581 957 1603 ,
994 1563 1124 1592 nunc
1156 1547 1193 1592 si
1227 1546 1394 1593 eadem
1426 1547 1504 1592 hic

473 1632 640 1666 lterem
658 1655 673 1678 ‚
704 1631 882 1666 mscma
907 1621 974 1665 ’st.

221 1688 351 1734 Hexo
382 1691 465 1735 uni
494 1692 653 1751 potius
685 1692 810 1737 intus
839 1708 919 1738 ero
949 1691 1090 1748 odio,
1123 1707 1271 1752 quam
1301 1691 1378 1736 hic
1412 1691 1499 1737 sim

474 1765 607 1809 vobis
634 1765 869 1810 omnibus.
1175 1752 1179 1758 .

220 1834 303 1882 Dii
328 1835 621 1893 inmortales,
658 1837 778 1896 quid
805 1835 1067 1894 malorum,
1099 1846 1274 1896 quanta
1303 1835 1500 1892 advenit

473 1909 704 1956 calamitas
1491 1922 1497 1925 ’

218 1981 383 2027 Hodie
415 1983 477 2028 ad
512 1984 641 2028 hunc
683 1982 936 2027 lenonem!
978 1981 1061 2027 sed
1101 1997 1187 2045 ego
1227 1995 1356 2026 nunc
1397 1990 1500 2038 est,

475 2071 626 2115 quom
654 2071 732 2100 me
765 2070 939 2100 morm.

221 2124 281 2169 Id
318 2127 564 2189 negotium
586 2125 856 2172 institutum
876 2127 955 2183 ’st‚
983 2142 1082 2174 non
1110 2125 1248 2171 datur
1275 2125 1479 2171 cessatio.

222 2196 345 2244 Nam
373 2210 420 2244 et
455 2198 547 2245 hoc
583 2210 725 2245 nocte
763 2200 1141 2255 consulendum,
1181 2197 1317 2259 quod
1349 2194 1498 2257 de‘?

474 2272 802 2318 concreditum
819 2274 873 2319 ’st
885 2308 899 2332 ,

222 2343 283 2390 Et
299 2345 422 2405 illud
440 2357 600 2391 autem
618 2345 969 2394 inserviendum
987 2348 1040 2393 'st
1065 2344 1310 2394 consilium
1328 2357 1495 2389 verna-

481 2418 657 2463 culum.
