1690 2872
305 151 400 195 470
605 138 1256 190 TRINUMMUS.
1453 157 1580 201 v.27

590 256 1323 298 MEGARONIDES.

306 323 426 393 Quo
448 334 586 385 pacto
613 339 723 386 ergo
750 323 927 387 igitur?

665 417 1228 453 GALLICLES.

889 478 1022 524 Clam
1049 480 1134 525 dos
1163 480 1384 540 depromi
1407 491 1589 543 potest,

304 556 440 603 Dum
467 550 645 598 occasio
678 552 720 596 ei
747 552 813 597 rei
845 552 1128 613 reperiatur:
1162 553 1354 600 interim

305 629 382 675 Ab
403 627 556 673 amico
586 625 804 673 alicunde
834 639 1081 690 argentum
1112 641 1260 690 togeS.

606 720 1327 756 MEGARONIDES.

307 785 463 833 Potin'
488 793 555 830 est
573 782 634 829 ab
656 782 808 828 amico
841 782 1058 828 alicunde
1087 783 1299 829 exorati?

669 880 1228 915 CALLICLES.

1339 934 1513 980 Potest.

603 1018 1333 1054 MEGARONIDES.

315 1081 505 1126 Gerrae!
536 1095 623 1124 nae
651 1091 706 1125 tu
731 1077 854 1123 illud
877 1078 1080 1122 verbum
1097 1088 1312 1123 actutum
1328 1078 1587 1135 inveneris,

312 1151 435 1198 Mihi
455 1150 651 1212 quidem
667 1151 823 1196 hercle
840 1165 941 1195 non
958 1162 1048 1206 est,
1064 1148 1200 1211 quod
1217 1148 1330 1196 dem
1346 1161 1588 1197 mutuom.

676 1245 702 1277 c
740 1245 774 1277 A
809 1244 839 1276 L
876 1243 906 1275 L
940 1244 958 1275 1
995 1243 1022 1275 c
1058 1243 1087 1275 L
1124 1243 1154 1276 Ε
1190 1242 1228 1276 s.

315 1306 482 1355 Malim
508 1307 663 1352 herc-le
681 1317 738 1351 ut
761 1321 931 1352 verum
951 1303 1096 1361 dicas,
1127 1320 1274 1365 quam
1297 1314 1352 1350 ut
1381 1303 1460 1349 des
1485 1320 1596 1349 mu-

566 1389 716 1424 tuom.
1289 1383 1309 1404 ⁸

612 1467 1338 1505 MEGARONIDES.

317 1532 411 1580 Sed
432 1531 542 1579 vide
565 1532 839 1588 consilium,
868 1531 903 1576 si
930 1532 1097 1593 placet.

678 1625 705 1658 c
739 1625 775 1657 A
813 1624 845 1658 L
881 1625 912 1659 1.
948 1624 968 1657 1
1004 1624 1031 1656 c
1066 1624 1097 1658 L
1134 1624 1165 1657 Ε
1203 1622 1238 1655 s.
1286 1637 1296 1647 -

1123 1681 1260 1751 Quid
1291 1681 1456 1727 consili
1475 1682 1565 1729 ’sti’

603 1778 1337 1819 M‚EGARON1DES.

319 1836 502 1885 Scitum
517 1872 534 1897 ‚
565 1851 620 1886 ut
649 1856 736 1904 ego
767 1839 936 1901 opinor
951 1871 966 1896 ,
993 1839 1243 1885 consssium
1273 1837 1449 1883 inveni.

674 1939 702 1972 c
738 1939 773 1972 A
807 1939 839 1972 L
873 1939 905 1972 L
941 1939 963 1972 1
998 1940 1025 1972 c
1060 1940 1092 1973 L
1130 1939 1159 1972 Ε
1195 1938 1233 1972 s.

962 2005 968 2011 ·
1334 1989 1470 2060 Quid
1497 1990 1596 2036 est?

606 2071 1336 2108 MEGARONIDES.

320 2136 485 2182 Homo
505 2137 797 2184 conducatur
815 2139 978 2199 aliquis
997 2139 1122 2204 jam,
1153 2151 1388 2200 quantum
1403 2148 1588 2199 potest,

319 2208 466 2276 Quasi
489 2209 546 2257 sit
573 2210 859 2274 petegrinus.

409 2285 418 2294 ‘
649 2290 705 2334 ’c
740 2301 776 2336 A
810 2302 841 2336 L
876 2301 907 2335 L
942 2302 962 2334 1
998 2302 1025 2335 c
1061 2301 1090 2335 L
1126 2302 1156 2335 E
1194 2301 1234 2335 s.

877 2361 1016 2429 Quid
1040 2362 1076 2407 is
1106 2361 1190 2407 scit
1218 2358 1365 2405 facere
1390 2352 1590 2421 postea?
