1630 2866
242 170 335 234 388
642 166 1118 219 STICHUS.
1396 181 1529 221 κιρ

244 279 511 341 Epignome
531 309 545 332 ‚
578 284 635 321 ut
666 291 755 338 ego
782 286 830 321 te
854 291 986 323 nunc
1014 277 1253 340 conspicio
1275 277 1453 325 libens!

244 352 307 397 Ut
333 358 445 412 prae
479 348 652 394 laetitia
684 350 919 396 lacrumae
943 346 1222 412 ptaesiliunt
1251 352 1396 399 mihi!

239 423 482 471 Valuistin’
508 422 692 485 usque?

597 509 629 543 E
664 508 694 544 P
731 509 753 543 I
791 508 824 543 G
859 510 895 544 N
935 509 968 544 O
1006 511 1050 546 M
1086 510 1123 544 U
1158 509 1197 545 S.

713 568 1040 617 Sustentatum
1058 571 1114 618 'st
1148 570 1329 618 sedulo.

597 654 632 689 G
666 654 698 688 E
735 655 766 688 L
805 654 839 688 A
879 655 901 689 S
937 656 959 688 1
996 655 1039 688 M
1078 655 1114 688 U
1151 655 1187 690 S.

237 715 367 764 Bene
389 723 533 777 atque
558 716 707 762 amice
737 714 865 761 dicis.
900 715 982 762 Dii
1007 715 1126 762 dent
1159 732 1286 777 quae
1308 715 1439 764 velis.

237 791 450 853 Propino
478 790 566 837 tibi
601 791 802 837 salutem
833 790 986 852 plenis
1021 789 1252 837 faucibus.

239 862 472 910 Coenabis
503 862 636 925 apud
663 880 744 910 me
761 898 777 922 ‚
809 863 1042 924 quoniam
1067 864 1215 911 salvos
1247 862 1456 912 advenis.

597 958 628 991 E
665 959 694 992 P
730 958 752 991 I
791 957 823 990 G
861 959 895 992 N
933 959 965 993 Ο
1003 958 1046 992 Μ
1085 958 1123 991 U
1159 957 1198 992 S.
1232 978 1236 983 -

240 1016 418 1065 Vocata
448 1028 515 1064 est
543 1033 692 1078 opera
714 1033 846 1062 nunc
870 1017 1099 1078 quidem:
1127 1027 1227 1064 tam
1253 1016 1396 1082 gratia
1417 1023 1498 1061 est-

597 1109 632 1144 G
666 1110 698 1144 Ε
733 1109 765 1142 Ι.
802 1110 838 1143 A
871 1109 895 1143 s
930 1110 952 1143 1
989 1110 1034 1143 M
1070 1109 1107 1143 U
1141 1109 1177 1143 s.

234 1164 477 1212 Promitte.

591 1241 1186 1277 EPIGNOMUS.

463 1303 750 1351 Certum’st.

595 1383 1184 1423 GELASIMUS.

786 1449 863 1496 Sic
886 1448 958 1497 fac
972 1484 987 1508 ,
1012 1450 1228 1510 inquam.

596 1540 1202 1580 EPIGNOMUS.

1232 1593 1528 1642 certare’st.

596 1672 632 1707 G
665 1674 697 1708 E
732 1673 765 1707 L
799 1672 834 1707 A
871 1672 893 1707 s
930 1673 953 1705 1
990 1671 1035 1706 M
1071 1673 1109 1707 u
1145 1670 1185 1706 s,

240 1734 465 1783 Lubente
493 1749 601 1792 me,
633 1733 790 1779 hercle
805 1765 820 1790 ,
852 1731 1000 1778 facies.

593 1822 1195 1862 EPIGNOMUS.

988 1881 1127 1928 Idem
1155 1896 1245 1946 ego
1274 1879 1395 1928 istuc
1415 1880 1526 1929 scio.

240 1950 459 2023 Quando
488 1965 599 1998 usus
621 1948 816 2007 veniet,
843 1947 939 1994 fiet.

597 2042 632 2077 G
665 2042 697 2076 Ε
736 2041 768 2075 1.
802 2040 839 2074 A
874 2042 898 2077 s
934 2042 959 2076 1
993 2040 1037 2075 M
1074 2041 1110 2074 U
1148 2040 1188 2075 s.

950 2102 1093 2148 Nunc
1119 2117 1228 2167 ergo
1251 2115 1360 2148 usus
1385 2109 1463 2146 est.

594 2199 628 2234 Ε
664 2199 693 2232 P
729 2200 752 2233 1
788 2197 822 2232 G
855 2199 890 2232 N
925 2199 960 2233 o
994 2197 1039 2232 M
1073 2197 1110 2232 u
1143 2196 1183 2231 S.
1382 2177 1387 2181 ’

240 2261 355 2311 Non
381 2262 556 2326 edepol
586 2280 794 2326 possum.

600 2349 635 2383 G
668 2349 699 2382 E
734 2348 838 2398 LA
872 2348 895 2382 s
931 2349 954 2382 1
987 2347 1031 2382 M
1065 2346 1103 2381 U
1136 2345 1175 2380 s·

811 2408 951 2477 Quid
983 2404 1209 2474 gravare?
1239 2419 1409 2454 censeo
