1630 2866
219 184 284 250 ³3⁸
561 178 1135 229 POENULus.
1366 192 1510 243 ηιμ

447 266 1258 331 ANTHEMoninns,

416 354 600 402 Dicam.
638 356 819 403 viscum
851 356 1027 420 legioni
1062 358 1211 417 dedi,

220 431 258 480 F
261 430 534 490 undasque:
568 445 625 475 eo
651 430 1032 491 praesternebant
1062 431 1174 479 folia
1198 431 1364 480 faxferi.

706 526 736 558 1.
774 525 809 557 Y
843 524 870 556 c
907 523 942 557 U
980 524 1016 559 s.

222 580 359 651 Quoi
391 580 499 628 rei?
1055 641 1060 646 ¹

451 663 1259 699 ANTHEMONIDES.

511 725 585 770 Ne
614 725 676 771 ad
707 723 876 770 fundas
909 725 1060 771 viscus
1089 725 1448 774 adhaeresceret.

712 819 743 852 L
782 819 816 851 Y
853 820 879 852 C
918 819 951 852 U
992 819 1029 852 S.

223 880 392 945 Perge:
430 892 632 943 optume
663 881 819 926 hercle
849 882 1067 946 perjuras.
1103 883 1227 943 quid
1257 883 1455 946 postea?

454 974 1249 1010 ANTHEMONIDES.

223 1037 285 1083 In
321 1035 488 1082 fundas
515 1035 626 1080 visci
654 1034 887 1079 indebant
920 1035 1218 1096 grandiculos
1247 1038 1444 1100 globos,

225 1109 299 1156 Eo
331 1102 433 1154 illo's
461 1106 662 1154 volantis
689 1105 802 1169 jussi
835 1104 1124 1152 funditarier.

226 1181 369 1251 Quid
386 1181 538 1226 multa
552 1177 720 1224 verba?
737 1193 1035 1237 quemquern
1051 1177 1179 1224 visco
1196 1179 1514 1240 offenderant,

227 1253 350 1299 Tam
376 1251 527 1299 crebri
557 1251 618 1296 ad
646 1260 819 1295 terram
845 1249 1121 1296 accidebant
1150 1268 1298 1312 quam
1328 1255 1441 1315 pira.

227 1326 305 1372 Ut'
325 1326 526 1387 quisque
559 1323 788 1368 acciderat
807 1356 821 1379 ‚
857 1339 970 1368 eum
1002 1325 1229 1389 necabam
1255 1326 1381 1372 illico

230 1398 320 1444 Per
349 1397 597 1444 cerebrum
625 1396 773 1457 pinna
803 1413 883 1441 sua
911 1396 1000 1442 sibi
1018 1432 1032 1455 ,
1069 1398 1200 1458 quasi
1232 1409 1482 1448 turturem.

715 1492 746 1524 1,
789 1490 817 1524 Y
854 1491 881 1523 c
919 1491 953 1524 U
990 1492 1027 1525 s.

233 1554 282 1601 Si
307 1554 462 1600 hercle
484 1555 602 1600 istuc
622 1570 856 1614 umquam
879 1552 1057 1602 factum
1073 1555 1127 1602 ’st
1141 1591 1154 1614 ,
1178 1567 1287 1603 tum
1301 1574 1382 1604 me
1393 1559 1518 1622 Jup-

489 1637 613 1687 p1ter

231 1698 409 1755 Faciat,
426 1710 481 1744 ut
496 1714 678 1759 semper
695 1699 966 1750 sacruficem
978 1732 992 1755 ‚
1011 1713 1099 1744 nec
1116 1714 1352 1760 umquam
1371 1699 1523 1746 litem.
1567 1737 1569 1739 .

458 1790 1265 1826 ANTHEMONIDES.

235 1850 312 1901 An
341 1850 459 1897 mihi
490 1849 604 1898 haec
634 1866 736 1896 non
765 1851 944 1896 credis?

721 1936 753 1969 L
788 1936 822 1969 Y
861 1936 888 1969 c
927 1936 962 1969 U
999 1935 1037 1970 s.

544 1993 701 2041 Credo
718 2028 732 2052 ‚
762 2005 818 2041 ut
846 1994 966 2041 mihi
997 2005 1064 2041 est
1089 2011 1299 2056 aequom
1327 1993 1519 2051 mediet,

231 2062 334 2131 'Age
365 2082 521 2113 eamus
551 2067 677 2113 intro
695 2102 709 2125 ‚
741 2067 860 2113 dum
893 2079 1003 2115 exta
1034 2067 1320 2116 referuntur.

461 2160 1272 2197 ANTHEMONIDES.

1352 2211 1485 2260 'Volo

236 2275 426 2326 Narrare
451 2278 538 2326 tibi
575 2278 716 2326 etiam
753 2294 901 2325 unam
925 2297 1151 2345 pugnarn.

715 2365 748 2400 L
784 2364 818 2398 Y
853 2365 880 2398 C
917 2364 954 2398 U
989 2364 1024 2399 S.

1179 2413 1314 2481 Nihkll
1343 2429 1519 2461 moror.
