1598 2814
1020 58 1041 88 ει

212 173 308 220 540
437 160 1239 227 TRIJCULENTus.
1361 163 1492 214 VAS

539 252 1194 317 PHRoNE'sruiii..

377 337 380 339 ’
449 340 556 399 Jam
574 342 658 402 pol
677 341 795 386 mihi
815 341 1014 401 quidem
1036 352 1181 417 atque
1199 340 1345 388 oculis
1362 338 1492 386 meiS.

215 412 347 458 Num
364 412 451 459 tibi
475 414 664 459 sordere
681 414 884 460 videor?

570 501 607 533 D
643 500 666 532 I
702 501 735 534 N
773 500 810 533 A
845 502 879 535 R
914 501 941 534 C
977 501 1011 533 H
1047 500 1082 533 U
1119 500 1157 534 S.

888 560 1002 605 Non
1027 561 1115 622 pol
1135 560 1255 606 mihi
1281 557 1491 620 quidem.

213 630 394 678 Verum
420 643 668 694 tempestas
686 633 886 679 memini
905 649 1058 693 quom
1077 632 1326 694 quondam
1341 631 1462 688 fuit,

214 706 381 774 Quom
414 706 535 751 inter
562 723 648 752 nos
672 705 962 752 sorderemus
995 722 1118 751 unus
1150 704 1298 750 alteri.

213 778 309 824 Sed
334 779 454 838 quid
475 797 562 842 ego
581 780 759 826 facinus
781 779 941 838 audivi
961 777 1216 824 adveniens
1242 788 1382 822 tuum
1399 809 1413 831 ,

214 850 368 917 Quod
387 863 439 896 tu
457 852 532 898 hic
548 887 561 909 ,
586 870 665 898 me
683 853 897 909 absente,
917 853 1031 898 novi
1050 851 1212 916 negoti
1230 848 1443 915 gesseris?

214 924 484 991 Quomque
502 926 626 973 bene
647 926 901 988 provenisti
918 927 1040 972 salva
1054 960 1069 984 ‚
1102 924 1302 990 gaudeo.

540 1022 569 1054 P
608 1023 639 1055 H
677 1025 709 1056 R
749 1023 781 1054 ο
820 1022 854 1054 Ν
890 1022 920 1055 Ε
957 1021 979 1054 s
1019 1021 1039 1053 1
1078 1020 1112 1052 U
1148 1020 1204 1052 M.

213 1080 326 1126 Tibi
353 1098 457 1127 mea
483 1082 673 1127 consilia
701 1098 886 1127 summa
911 1096 1095 1142 semper
1124 1073 1318 1125 credidi.

213 1151 459 1211 Equidem
483 1170 571 1199 nec
594 1154 759 1214 peperi
776 1169 1005 1213 puerum,
1026 1167 1114 1197 nec
1132 1165 1352 1214 praegnas
1374 1147 1467 1205 fui,

214 1222 396 1270 Verum
407 1226 667 1272 assimulavi
681 1243 759 1271 me
771 1243 863 1272 esse
878 1235 1197 1288 praegnatem,
1210 1220 1341 1270 haud
1354 1235 1494 1268 eram.

568 1312 604 1344 D
641 1312 662 1344 1
697 1312 730 1344 N
766 1310 801 1343 A
836 1312 870 1344 R
905 1311 931 1343 C
969 1310 1003 1343 H
1038 1310 1074 1343 U
1110 1309 1149 1343 s.

214 1367 546 1437 Quapropter,
581 1388 611 1417 o
639 1388 743 1416 mea
775 1370 905 1418 vita?
1196 1410 1205 1419 ,

537 1456 565 1488 Ρ
607 1456 641 1488 Η
674 1457 708 1489 R
748 1455 780 1487 o
820 1455 853 1487 N
887 1454 918 1487 E
956 1453 979 1488 s
1015 1453 1036 1486 1
1073 1453 1108 1486 U
1145 1454 1204 1488 Μ.
1306 1487 1308 1491 ,

933 1515 1131 1577 Propter
1148 1513 1352 1560 militem

212 1585 638 1647 Babyloniensem,
673 1589 758 1649 qui
788 1587 919 1649 quasi
953 1590 1158 1632 uxorem‘
1183 1585 1273 1631 sibi

212 1661 293 1707 Me
319 1662 525 1708 habebat
556 1679 714 1720 anno,
750 1663 871 1709 dum
897 1662 975 1708 hic
1006 1661 1107 1708 fuit.

572 1744 1162 1781 DINARCHUS.
1478 1741 1541 1781 θ

1123 1806 1226 1869 Ego
1252 1819 1493 1850 senseram.

215 1879 309 1928 Sed
325 1882 445 1943 quid
464 1883 578 1927 istuc
598 1883 619 1927 ἱ)
654 1882 769 1943 quoi
787 1881 855 1926 rei
880 1880 929 1926 id
946 1891 993 1926 te
1014 1879 1276 1925 assimulare
1294 1876 1491 1924 retulit?
1509 1878 1512 1880 ’

533 1964 1191 2000 PHRONESIUM.

215 2029 279 2074 Ut
309 2041 422 2074 esset
449 2029 614 2089 aliquis
645 2029 843 2087 laqueus
872 2037 919 2072 et
948 2024 1287 2071 redimiculum
1305 2056 1320 2081 ,

213 2100 549 2146 Revorsionem
570 2111 624 2145 ut
641 2098 699 2144 ad
721 2115 800 2143 me
825 2096 995 2143 faceret
1015 2097 1193 2142 denuo.

214 2173 356 2220 Nunc
384 2174 477 2220 huc
501 2173 676 2220 remisit
706 2188 862 2232 nuper
890 2171 950 2216 ad
977 2187 1056 2217 me
1089 2170 1361 2232 epistolam,

214 2243 321 2290 Sese
355 2257 663 2307 experturum
683 2280 697 2302 ,
727 2245 896 2306 quanti
922 2261 1016 2290 sese
1046 2242 1321 2305 penderem.

215 2317 293 2375 Si,
323 2320 457 2380 quod
477 2320 762 2381 peperissem
775 2353 789 2376 ,
814 2318 865 2363 id
885 2317 1134 2375 educarem
1149 2329 1200 2360 ac
1219 2311 1462 2368 tollerem,

214 2389 347 2438 Bona
369 2410 449 2438 sua
472 2411 550 2440 me
573 2394 847 2441 habiturum
877 2391 1053 2438 omnia.
