1630 2866
205 205 305 251 ‘226
518 197 1164 248 PSEUDOLUS.
1356 200 1494 266 mgr„

656 319 692 352 Η
729 319 762 352 A
802 321 836 354 R
871 320 900 353 P
937 320 973 354 A
1009 322 1058 355 x.

205 381 345 451 Quin
376 391 433 427 tu
457 380 708 432 mulierem
734 380 855 427 mihi
888 380 1085 438 emittis,
1115 392 1198 427 aut
1228 381 1387 428 reddis
1418 398 1491 428 ar·-

1079 455 1315 519 gentum?

658 532 688 564 Β
725 531 762 564 Α
796 532 895 565 L·1.
929 532 952 565 1
990 532 1038 566 o.

980 620 982 622 ψ
1336 585 1492 632 Mane.

659 659 1059 694 ΗΑΒΡΑΧ.

202 718 376 789 Quid,
405 719 664 765 maneam?

662 807 691 839 B
730 808 764 840 A
800 805 832 838 L
869 805 900 838 L
935 806 957 839 1
995 807 1043 842 O.

434 875 754 939 Chlamydem
781 875 904 921 hanc
933 890 1292 937 commemores,
1326 879 1493 939 quanti

890 946 1128 995 conducta
1145 950 1210 996 ’st.

659 1036 696 1075 Η
730 1042 765 1074 Α
799 1042 834 1075 Β
869 1041 897 1073 Ρ
935 1041 970 1074 A
1006 1041 1057 1074 x.

1221 1090 1362 1158 Quid
1391 1091 1495 1143 est?

662 1170 692 1202 Β
731 1169 765 1201 Α
802 1169 833 1202 L
868 1168 900 1202 Ι.
934 1170 958 1202 1
995 1169 1042 1202 ο.

207 1230 345 1302 Quid
374 1241 527 1278 meret
555 1231 831 1277 machaera?

659 1325 694 1358 H
731 1325 765 1358 A
802 1326 836 1359 R
871 1325 899 1358 P
934 1325 971 1359 A
1006 1325 1054 1360 X.

451 1385 772 1432 Helleborum
801 1385 926 1432 hisce
952 1385 1226 1433 hominibus
1258 1397 1327 1433 est
1356 1403 1488 1449 opus.

177 1486 180 1487 ⁷
654 1486 1031 1521 BALLIO.

205 1538 338 1587 Eho!

236 1662 392 1715 Mitte.

660 1616 1060 1651 HARPAX.

667 1748 696 1780 B
735 1747 768 1780 A
805 1747 835 1781 1.
872 1748 903 1781 L
939 1749 959 1781 1
996 1749 1041 1781 o.

274 1807 412 1877 Quid
430 1806 657 1853 mercedis
670 1818 854 1869 petasus
867 1807 1012 1853 hodie
1029 1806 1227 1853 domino
1246 1806 1493 1857 demeret?

664 1912 699 1944 Η
736 1911 770 1944 A
805 1913 838 1945 R
868 1911 896 1944 P
934 1910 969 1944 A
1007 1911 1060 1944 x.

208 1980 381 2049 Quid,
414 1980 647 2027 domino?
689 1980 810 2041 quid
843 1979 1117 2027 somniatis?
1150 1995 1257 2026 mea
1289 1980 1492 2042 quidem

461 2055 574 2099 haec
606 2053 761 2099 habeo
790 2053 979 2113 omnia,

209 2125 320 2173 Meo
344 2128 533 2189 peculio
566 2139 701 2174 emta.

662 2221 691 2253 Β
729 2219 764 2253 A
797 2219 829 2252 1.
865 2219 896 2252 Ι.
931 2219 954 2253 1
989 2220 1036 2254 ο.

502 2280 691 2342 Nempe
712 2280 847 2341 quod
869 2279 1045 2326 femina
1071 2293 1253 2325 summa
1278 2275 1490 2324 sustinet.·

657 2380 693 2413 Η
727 2378 762 2412 A
797 2380 831 2413 Β
865 2379 895 2414 Ρ
930 2379 965 2412 A
1002 2379 1053 2411 x.

209 2440 349 2488 Uncti
361 2439 411 2487 hi
427 2452 538 2489 sunt
554 2457 698 2500 senes,
718 2440 871 2488 fricari
888 2455 982 2485 sese
1006 2454 1066 2485 ex
1082 2438 1280 2498 antiquo
1298 2438 1485 2485 volunt.

1622 2433 1630 2866 -.-.,.-Σ-..-..Β--.Α“-.-.ι.
1626 2396 1630 2408 -
1627 2360 1630 2370 -
