1630 2866
54 154 199 202 ηαδ
356 148 647 199 ACTUS
699 149 814 196 111.
866 147 1100 198 SC.11.
1251 162 1349 212 979

459 273 496 305 D
533 270 568 305 A
601 270 632 302 E
669 269 711 302 M
747 269 779 303 Ο
816 269 852 303 Ν
887 269 920 302 Ε
955 269 997 304 S.

67 290 195 380 Bene
228 331 455 395 equidem
485 332 574 378 tibi
608 331 749 389 dico,
776 331 889 392 qui,
919 341 969 378 te
996 329 1137 396 digna
1159 337 1215 376 ut
1238 343 1346 375 eve-

323 407 453 452 niant
470 440 484 462 ,
518 421 696 466 precor.

423 490 456 523 Τ
492 491 526 524 R
561 491 595 523 A
631 490 659 523 C
696 490 730 524 H
766 489 803 524 A
839 489 870 523 L
905 489 927 522 1
964 489 1010 524 Ο.

67 549 280 597 Obsecro
296 586 310 608 ‚
338 550 427 596 hoc
451 561 748 611 praevortere
776 565 902 614 ergo.

457 643 561 676 DA
595 644 624 677 Ε
664 643 710 677 Μ
744 644 776 677 0
815 643 917 678 ΝΕ
953 642 993 679 s.

723 703 863 772 Quid
885 702 1048 767 negoti
1066 701 1158 750 ’sti’

431 796 464 830 Τ
499 797 672 832 RA·c
714 796 817 832 HA
851 798 941 832 LI
977 797 1026 831 o.

1129 846 1351 894 Mulieres

70 913 208 962 Duae
235 915 509 961 innocentes
542 914 668 959 intus
699 913 775 960 hic
807 894 948 972 surif,
988 913 1062 960 tui
1090 912 1352 976 indigentes

321 987 492 1044 auxili,

72 1059 264 1129 Quibus
292 1059 542 1107 advorsum
567 1059 646 1123 jus
676 1060 906 1127 legesque⁴
931 1056 1149 1126 insignite
1179 1055 1349 1120 injuria

72 1203 211 1251 Facta
233 1215 322 1262 est,
353 1205 507 1266 fitque
535 1205 586 1252 in
617 1204 814 1252 Veneris
843 1204 967 1251 fano.
1005 1215 1114 1251 tum
1142 1203 1355 1264 sacerdos

321 1278 523 1327 Veneria

7 1351 11 1355 ’
73 1346 276 1416 Indigne
306 1351 563 1400 afflictatur.

0 1429 2 1433 ·
464 1438 500 1470 n
537 1436 570 1479 Α
609 1437 640 1478 1³.
675 1435 719 1470 M
756 1437 789 1471 o
825 1439 860 1471 N
897 1439 930 1472 E
964 1437 1001 1471 s,

449 1496 574 1565 Quis
607 1496 754 1542 homo
785 1509 852 1543 est
879 1509 1008 1544 tanta
1043 1499 1357 1554 confidentia,

76 1569 178 1637 Qui
195 1569 484 1616 sacerdotem
503 1569 675 1614 audeat
690 1570 894 1623 violare?
923 1570 1006 1617 sed
1034 1587 1115 1616 eae
1132 1571 1354 1617 mulieres

81 1641 222 1710 Quae
249 1643 391 1688 sunt?
421 1652 503 1687 aut
535 1639 656 1701 quid
686 1641 738 1684 iis
767 1641 922 1701 iniqui
950 1641 1038 1690 fit?
1073 1687 1085 1701 ‚

434 1734 467 1769 Τ
499 1735 537 1769 11
575 1734 610 1769 A
647 1735 675 1767 c
710 1734 745 1767 Η
779 1735 814 1768 A
849 1734 879 1768 Ι,
915 1735 936 1768 1
973 1734 1022 1767 ο.

705 1791 755 1838 Si
784 1793 864 1838 das
893 1808 1085 1854 operam
1102 1825 1116 1848 ,
1150 1792 1360 1852 eloquar.

80 1864 275 1913 Veneris
309 1866 495 1928 signum
529 1876 639 1910 sunt
671 1866 930 1927 amplexae.
962 1881 1095 1915 nunc
1112 1866 1138 1893 ³²
1158 1866 1183 1893 ‘⁹³
1204 1866 1230 1893 *

81 1941 168 1987 Eas
197 1938 409 1999 deripere
444 1941 559 1987 volt.
591 1957 662 1988 eas
694 1941 851 1989 ambas
885 1956 978 1990 esse
1009 1950 1201 2001 oportet
1218 1940 1243 1967 *
1263 1940 1289 1968 ‘²
1306 1939 1332 1991 ²,

475 2035 511 2067 D
550 2035 586 2067 A
620 2035 651 2068 Ε
688 2037 731 2069 Μ
769 2037 801 2069 o
838 2037 873 2069 N
906 2036 938 2068 E
975 2036 1016 2070 s.

72 2086 212 2156 -Quis
241 2085 341 2131 istic
360 2095 461 2142 est,
489 2086 575 2146 qui
612 2087 741 2134 Deos
770 2098 870 2136 tam
895 2086 1227 2150 parvipendit?

86 2154 95 2162 '
445 2178 476 2209 T
512 2179 545 2211 R
581 2177 616 2210 A
654 2179 682 2210 c
718 2179 753 2211 H
789 2180 824 2212 A
862 2179 895 2212 1.
929 2180 950 2212 1
985 2180 1034 2212 0.

86 2239 281 2285 Fraudis
295 2272 310 2295 ,
338 2231 542 2294 sceleris,
569 2238 815 2299 parricidi,
841 2239 1015 2302 perjuri
1040 2239 1210 2299 plenus
1228 2271 1243 2295 ,

90 2311 321 2376 Legirupa
342 2347 355 2369 ‚
390 2311 626 2371 inpudens
642 2345 657 2370 ,
691 2311 918 2373 inpurus,
957 2309 1363 2357 inverecundissu-

350 2399 500 2429 mus:⁶

1078 2453 1180 2514 S4
