1630 2866
218 168 286 228 36
575 161 1147 213 PoENULUs
1381 179 1509 230 ηρ

221 270 344 319 Scin’
370 270 548 333 quam?
570 270 684 317 vide
711 281 778 315 tu.
799 268 994 328 credin’,
1019 270 1156 332 quod
1177 286 1265 336 ego
1290 270 1510 323 fabuler?

537 398 541 404 ,
643 367 686 400 Μ
721 366 742 398 1
779 365 811 399 1.
845 366 874 398 P
914 365 949 398 H
983 367 1004 399 1
1043 365 1091 399 o.

218 428 271 475 Si
297 443 488 489 nequeo
517 424 667 473 facere
701 437 758 472 ut
783 426 918 472 abeas
939 460 954 483 ,
999 436 1190 490 egomet
1218 427 1394 486 abiero.

220 501 345 547 Nam
378 500 453 545 isti
482 499 682 561 quidem
710 498 866 545 hercle
903 498 1105 543 orationi
1138 498 1333 562 Oedipo

216 577 358 637 Opus
375 577 644 640 conjectore
666 586 759 632 est,
779 573 862 634 qui
881 571 1100 637 Sphyngi
1122 572 1352 636 interpres
1371 573 1475 622 fuit.

472 667 1272 710 AGORASTOCLES.

216 729 319 776 Illic
347 730 458 775 hinc
485 731 625 775 iratus
651 729 779 775 abiit.
805 744 936 775 nunc
958 728 1079 775 mihi
1109 728 1265 775 cautio
1288 729 1343 775 ’st
1359 763 1379 787 ,

212 801 289 848 Ne
319 813 526 848 meamet
551 803 692 863 culpa
715 819 827 849 meo
855 802 1003 850 amori
1033 801 1248 865 objexim
1271 818 1468 850 moram.

215 875 305 921 lbo
337 886 483 936 atque
515 892 736 922 arcessam
767 875 916 921 testis:
947 874 1144 936 quando
1173 891 1307 921 amor
1324 875 1468 940 jubet

213 947 326 995 Meo
360 949 672 995 obedientem
701 965 780 994 me
806 964 899 993 esse
928 964 1061 994 servo
1095 947 1314 994 liberum.

467 1119 1202 1181 ACTUSII.

212 1266 1500 1308 LYCUS,ANTHEMON1DES.

627 1397 1013 1433 *LYCUS.

209 1455 382 1567 DII
417 1518 556 1563 illum
592 1515 836 1563 infelicent
869 1532 1033 1563 omnes
1050 1549 1066 1574 ‚
1105 1515 1192 1576 qui
1224 1527 1331 1578 post
1362 1515 1495 1563 hune

469 1592 599 1638 diem
1190 1633 1195 1641 .

208 1670 346 1716 Leno
372 1669 522 1713 ullam
546 1665 719 1712 Veneri
743 1680 978 1724 umquam
1003 1661 1245 1707 inmolarit
1258 1661 1492 1709 hostiam:

208 1742 370 1812 Quive
402 1740 559 1792 ullum
585 1737 698 1783 turis
731 1752 931 1800 granum
963 1733 1309 1780 sacruficaverit.

207 1816 333 1862 Nam
357 1830 445 1877 ego
475 1811 622 1857 hodie
646 1809 813 1855 infelix
844 1809 945 1854 Diis
972 1807 1087 1853 meis
1119 1807 1387 1856 iratissumis

205 1888 301 1935 Sex
325 1885 554 1932 inmolavi
576 1900 739 1947 agnos:
772 1898 860 1928 nec
887 1881 1029 1943 potui
1058 1893 1221 1926 tamen

202 1961 466 2021 Propitiam
498 1958 736 2005 Venerem
757 1956 908 2002 facere
941 1956 1015 2002 uti
1042 1967 1155 2001 esset
1177 1955 1305 2001 mihi.

201 2033 451 2101 Quoniam
474 2031 605 2076 litare
629 2046 821 2091 nequeo
840 2064 854 2087 ‚
885 2029 978 2075 abii
1008 2029 1137 2075 illinc
1166 2029 1296 2075 illico

201 2106 377 2152 Iratus:
409 2104 542 2150 vetui
574 2115 682 2149 exta
709 2102 1004 2164 prosicarier:

202 2178 376 2238 Neque
402 2193 455 2223 ea
489 2177 690 2238 aspicere
723 2175 883 2233 volui,
915 2174 1145 2236 quoniam
1177 2189 1280 2220 non
1307 2173 1435 2220 bona

204 2251 456 2318 Haruspex
489 2251 638 2309 dixit,
673 2250 828 2297 Deam
862 2266 954 2295 esse
979 2249 1225 2313 indignam
1259 2245 1449 2294 credidi·

200 2323 274 2370 Eo
302 2335 443 2384 pacto
472 2339 631 2371 avarae
660 2322 835 2369 Veneri
865 2322 1063 2383 pulchre
1093 2320 1187 2365 adii
1220 2334 1429 2365 manum.

204 2396 417 2464 Quando
443 2396 522 2454 id,
548 2397 686 2457 quod
714 2408 779 2443 sat
801 2406 923 2454 erat,
951 2394 1054 2440 satis
1077 2393 1247 2441 habere
1265 2391 1461 2451 noluitf
