1630 2866
71 177 199 238 v.58
369 177 688 227 ACTUS
740 175 936 229 I.‘SC.
986 181 1061 227 11.
1253 195 1341 243 137

5 274 14 284 ⁸
73 283 139 332 Ut
178 283 334 332 civitas
366 299 546 330 nomen
587 285 706 330 mihi
749 298 997 334 conmutet
1015 321 1031 344 ,
1076 303 1252 348 meque
1286 299 1343 335 ut

319 357 559 418 praedicet

70 428 266 480 Lenone
296 446 357 479 ex
377 431 587 476 Ballione
617 447 776 496 regern
795 433 1032 492 Jasonem.

423 525 450 557 c
487 525 522 557 A
556 525 587 558 L
622 525 642 558 1
681 527 716 559 D
757 527 789 560 o
825 528 859 561 R
894 526 929 560 υ
966 527 1004 561 s.

945 587 1123 633 Audin'
1156 581 1344 633 furcifer

71 657 211 725 Quae
236 657 483 718 loquitur?
509 658 639 704 satin’
659 658 933 723 magnificus
952 659 1041 705 tibi
1059 659 1249 706 videtur
1262 659 1284 704 ?

426 750 454 783 P
489 749 512 782 S
546 750 576 782 E
614 750 648 783 U
684 752 720 784 D
756 753 788 785 O
825 753 855 786 L
893 752 928 785 U
965 752 1002 786 S.

431 863 434 866 ᾗ
1096 804 1199 849 ,Pol
1230 805 1340 861 iste,

71 871 232 936 Atque
263 873 405 919 etiarn
431 873 668 919 malificus.
686 874 769 920 sed
788 885 915 934 tace,
934 886 1078 937 atque
1097 876 1217 922 hanc
1236 893 1340 922 rem

316 959 437 1006 gere.

511 1021 541 1052 B
577 1020 611 1053 A
645 1021 676 1055 Ι.
712 1022 742 1055 L
778 1023 800 1056 1
836 1022 884 1055 0.

69 1081 388 1128 Aeschrodora
418 1091 472 1127 tu
490 1115 504 1139 ‚
540 1098 663 1143 quae
698 1084 872 1138 amicos
904 1084 992 1131 tibi
1020 1084 1161 1131 habes
1202 1087 1339 1132 leno-

315 1169 434 1201 num
465 1156 672 1207 aemulos

66 1226 255 1284 Lanios,
279 1226 365 1287 qui
383 1227 499 1272 item
516 1238 572 1273 ut
587 1244 672 1273 nos
689 1229 895 1292 jurando
914 1229 1022 1293 jure
1046 1231 1170 1276 male
1195 1246 1339 1291 quae-

323 1312 438 1347 runt
467 1318 568 1348 rem
583 1338 598 1359 ‚
625 1303 763 1348 audi:

66 1373 164 1419 Nisi
190 1375 390 1422 camaria
419 1374 506 1420 tria
539 1375 727 1438 g1avida
754 1376 1011 1439 tergoribus
1038 1377 1173 1422 oneri
1202 1376 1339 1423 uberi

314 1447 460 1492 hodie

67 1509 191 1568 Mihi
218 1524 382 1574 erunt,
412 1534 505 1563 cras
534 1528 583 1564 te
612 1519 743 1579 quasi
769 1518 959 1566 Dircam
986 1520 1126 1575 olim,
1164 1530 1219 1564 ut
1236 1536 1339 1565 me-

318 1600 507 1636 morant
524 1624 538 1646 ‚
570 1591 670 1637 duo

67 1662 209 1709 Gnati
233 1663 363 1721 Jovis
398 1662 653 1708 devinxere
686 1663 747 1708 ad
784 1673 972 1709 taurum
988 1699 1001 1720 ‚
1035 1664 1151 1709 item
1192 1664 1338 1710 hodie

314 1734 536 1798 stringam
563 1735 626 1780 ad
649 1735 932 1800 carnatium:
968 1735 1020 1781 id
1046 1735 1134 1782 tibi

66 1805 280 1857 Profecto
313 1818 471 1853 taurus
503 1807 596 1853 fiet.

415 1902 992 1938 PSEUDOLUS.

408 1965 558 2012 Nimis
593 1985 806 2014 sermone
834 1969 972 2031 hujus
999 1969 1063 2014 ira
1095 1969 1337 2015 incendor.

66 2037 315 2087 Hunccine
342 2037 420 2082 hic
453 2039 697 2088 hominem
723 2041 820 2102 pati
853 2043 1009 2087 colere
1028 2043 1337 2105 juventutem

320 2108 523 2154 Atticam
538 2110 560 2154 ?

66 2181 161 2231 Ubi
190 2192 327 2237 sunt,
366 2180 452 2225 ubi
486 2182 663 2238 latent,
699 2183 871 2242 quibus
903 2197 1022 2230 aetas
1057 2187 1234 2249 integra
1254 2186 1338 2242 ’st,'

317 2252 399 2312 qui
425 2264 583 2298 amant
605 2271 631 2298 a
656 2254 867 2302 lenone?
899 2304 907 2309 ,

69 2322 206 2391 Quin
221 2324 543 2372 conveniunt?
566 2325 684 2384 quin
702 2341 794 2370 una
813 2341 975 2372 omnes
991 2338 1122 2388 peste
1138 2327 1223 2373 hac
1241 2343 1332 2389 po-

314 2395 487 2455 pulum
513 2396 639 2442 hunc
660 2395 892 2443 liberant?
