1630 2866
57 135 192 182 v.52
338 85 694 166 'ACTUS
747 114 1082 163 v.sc.11.
1249 134 1339 179 343

57 225 107 274 Si
126 224 348 272 vidulum
368 223 506 269 illum
521 257 536 279 ‚
566 238 715 283 quem
744 237 833 285 ego
865 221 917 266 in
942 221 1052 267 navi
1076 220 1291 283 perdidi,

59 299 185 345 Cum
212 314 326 344 auro
357 307 502 356 atque
527 306 722 359 argento
751 284 937 340 ‘salvom
967 293 1301 362 investigavero
1318 328 1335 351 ,

55 372 196 433 Isque
214 372 265 417 in
293 380 573 432 potestatem
602 384 753 414 meam
785 367 1066 429 pervenerit.

511 467 545 502 G
580 464 614 503 R
648 468 668 502 1
706 466 734 501 P
773 469 807 502 U
843 468 880 501 S.

60 525 192 585 Tum
220 555 307 602 ego
334 537 445 583 huic
475 537 623 598 Gripo
650 536 784 594 dico,
814 537 1008 599 inquito
1027 571 1042 595 ,
1072 547 1120 583 et
1145 552 1223 583 me
1242 546 1344 581 tan-

311 621 421 673 gito.

511 693 542 727 Ι,
580 693 614 726 A
653 694 680 725 Β
720 690 754 728 R
790 694 826 727 A
860 693 912 726 x.

60 764 192 811 Tum
212 780 300 828 ego
321 763 433 810 huic
455 763 605 824 Gripo
631 762 738 808 dico
754 795 768 819 ‚
791 762 953 809 Venus
967 796 982 820 ,
1004 773 1059 808 ut
1086 773 1142 808 tu
1171 762 1339 809 audias.

291 861 1121 897 GRIPUS.LAR=RAX.

60 929 317 977 Talentum
342 929 521 994 argenti
549 946 782 994 magnum
808 930 1044 975 continuo
1075 929 1211 976 dabo.

516 1028 887 1065 GRIPUS.

62 1097 113 1147 Si
145 1099 405 1156 fraudassis,
443 1097 587 1143 dicito
603 1129 618 1153 ‚
654 1095 726 1141 uti
758 1107 806 1142 te
834 1097 887 1142 in
920 1107 1116 1157 quaestu
1141 1107 1231 1143 tuo

60 1172 226 1221 Venus
252 1174 457 1220 eradicet
483 1181 625 1233 caput
659 1181 803 1231 atque
835 1181 1038 1216 aetatem
1065 1182 1210 1217 tuam.

60 1244 247 1292 Tecum
276 1246 367 1291 hoc
397 1243 572 1290 habeto
606 1253 766 1288 tamen
781 1278 795 1299 ‚
823 1242 910 1288 ubi
929 1243 1171 1307 juraveris.

512 1343 545 1375 1.
580 1343 616 1375 A
652 1344 680 1375 Β
718 1345 752 1376 R
786 1342 821 1375 A
857 1343 909 1376 x.

63 1412 126 1459 Et
141 1412 278 1457 illum
295 1427 384 1474 ego
411 1410 664 1455 advorsum
683 1410 858 1469 siquid
889 1426 1127 1471 peccasso,
1153 1411 1314 1459 Venus
1329 1447 1344 1470 ‚

63 1485 277 1532 Veneror
299 1494 372 1541 te,
407 1493 465 1528 ut
491 1499 655 1529 omnes
683 1482 837 1528 miseri
866 1483 1062 1529 lenones
1092 1483 1226 1528 sient.

517 1582 554 1626 ,G
589 1584 623 1616 R
658 1583 678 1614 1
715 1583 743 1615 P
780 1582 815 1615 u
853 1583 892 1617 s.

65 1651 250 1697 Tamen
279 1649 360 1695 fiet
375 1684 388 1707 ,
411 1649 493 1696 etsi
522 1660 579 1696 tu
607 1650 754 1695 fidem
783 1651 1036 1696 servaveris.

69 1723 151 1768 Tu
176 1720 254 1767 hic
283 1723 497 1784 opperire
512 1757 526 1779 ‚
548 1724 649 1787 jam
675 1739 762 1787 ego
796 1722 905 1769 faxo
939 1723 1089 1769 exibit
1111 1738 1277 1770 senex:

66 1790 195 1843 Eum
227 1805 281 1841 tu
303 1794 531 1842 continuo
561 1795 783 1843 vidulum
817 1794 1058 1857 reposcito.

517 1895 908 1931 LABRAX.

72 1966 121 2015 Si
150 1982 373 2012 maxume
397 1965 515 2011 mihi
541 1967 677 2013 illum
705 1967 968 2014 reddiderit
983 1968 1206 2021 vidulum
1222 2001 1238 2025 ‚

72 2039 186 2084 Non
216 2037 285 2083 illi
318 2053 405 2100 ego
438 2037 585 2083 hodie
616 2038 770 2085 debeo
799 2040 1076 2086 triobolum.

72 2112 211 2159 Meus
243 2110 466 2157 arbitratu
481 2111 560 2168 ’st,
590 2111 750 2175 lingua
782 2113 918 2172 quod
944 2113 1074 2176 juret
1099 2129 1218 2158 mea.

73 2181 171 2230 Sed
197 2182 520 2231 conticescam.
553 2198 720 2230 eccum
747 2183 844 2230 exit
861 2217 878 2244 ‚
899 2194 956 2240 ‚et
978 2183 1110 2229 ducit
1141 2198 1315 2229 senem.

1035 2408 1134 2468 Y4
