1598 2814
0 2002 2 2027 ι

0 2029 3 2064 Ι

83 185 222 235 ῐ.3ο
382 165 675 215 ΛΕΤΗΞ
728 166 787 214 V.
840 166 944 214 SC.
989 167 1069 213 11.
1267 183 1363 226 505

434 287 469 324 Ι·
504 289 536 322 Y
574 287 597 321 S
633 288 655 322 1
691 289 723 322 Τ
758 288 789 322 Ε
827 289 858 322 L
893 289 924 322 E
960 289 999 324 S.

761 350 919 396 Immo
952 351 1105 409 salve,
1137 349 1361 396 Callicles.

85 406 231 471 Hunc
255 423 466 486 priorem
483 437 690 482 aequom
706 422 761 468 ’st
776 438 856 468 me
871 422 1056 470 habere.
1080 423 1240 469 tunica
1254 438 1364 484 pto-

335 496 443 558 pior
469 496 612 558 pallio
643 507 724 542 est.

443 581 472 615 c
508 581 541 614 Η
576 581 611 614 A
644 581 679 615 R
714 581 758 616 M
793 581 817 614 1
850 581 886 615 D
921 581 952 614 E
988 580 1024 614 s.

87 641 217 689 Deos
243 644 356 689 volo
389 642 578 689 consilia
611 653 764 688 vostra
798 649 925 688 rec'te
951 654 1151 688 vortere.

87 714 253 762 Filiam
282 733 439 769 meam
471 715 560 762 tibi
585 714 909 776 desponsatam
942 733 1035 762 esse
1065 715 1223 762 audio.

439 809 472 844 1.
506 809 542 842 Y
576 807 598 842 s
634 809 655 842 1
690 809 722 841 T
757 809 788 841 Ε
826 809 857 842 1.
890 809 920 842 E
957 808 995 842 s.

1021 860 1120 906 Nisi
1142 871 1198 906 tu
1219 859 1363 906 nevis.

445 946 473 978 c
508 945 542 977 H
578 945 614 978 A
648 944 683 978 n
717 944 761 977 M
794 945 815 977 1
851 945 887 977 D
923 936 973 977 E‘
992 943 1028 978 s.

88 1004 249 1052 Immo
279 1005 413 1051 haud
438 1006 567 1051 nolo.

440 1093 472 1126 Ι,
508 1091 544 1124 Y
577 1090 603 1125 s
637 1090 660 1123 1
696 1091 728 1124 Τ
762 1090 792 1124 Ε
827 1091 858 1124 Ι,
893 1091 925 1124 Ε
963 1090 1001 1125 s.

249 1145 492 1214 Sponden'
513 1168 625 1216 ergo
642 1162 776 1198 tuam
794 1165 983 1215 gnatam
999 1168 1200 1199 uxorem
1218 1149 1368 1196 mihi?

440 1245 468 1278 c
502 1244 537 1276 H
574 1244 608 1276 A
645 1244 679 1277 R
716 1244 758 1276 Μ
794 1244 814 1276 1
850 1245 885 1277 D
909 1245 951 1277 «Ε
987 1244 1022 1278 s.

89 1299 318 1364 Spondeo
331 1298 358 1362 ,¹
373 1313 422 1349 et
454 1302 586 1348 mille
608 1303 709 1350 auri
731 1303 1004 1365 Philippum
1023 1302 1157 1350 dotis.

448 1395 479 1427 Ι.
516 1395 550 1427 Y
588 1394 611 1428 s
646 1395 668 1428 1
703 1395 735 1427 T
769 1395 801 1428 Ε
835 1396 866 1428 1.
903 1395 934 1428 Ε
970 1396 1008 1429 s.

893 1455 1077 1500 Dotem
1106 1454 1174 1498 njl
1199 1469 1372 1499 moror.

447 1538 1036 1571 CHARMIDES.

94 1594 148 1643 Si
180 1597 260 1644 illa
301 1597 389 1643 tibi
424 1599 609 1659 placet,
645 1598 875 1659 placenda
918 1597 1005 1644 dos
1041 1613 1240 1658 quoque
1272 1607 1368 1654 est,

348 1687 494 1731 quam
524 1670 605 1716 dat
631 1670 731 1716 tibi.

100 1742 341 1790 Postremo
356 1777 370 1800 ‚
398 1743 535 1804 quod
555 1743 648 1799 νίε,
673 1759 775 1789 non
797 1743 940 1789 duces
956 1778 970 1801 ,
996 1743 1084 1789 nisi
1100 1742 1221 1788 illud
1239 1740 1374 1802 quod

354 1831 456 1861 non
489 1815 581 1872 vis,
615 1814 744 1861 feres.

454 1900 481 1932 c
517 1900 555 1934 A
591 1901 623 1934 1.
657 1901 688 1933 1.
724 1901 745 1933 1
781 1901 808 1933 c
843 1901 874 1933 1.
909 1900 940 1933 Ε
976 1899 1012 1933 s.

97 1958 180 2018 Jus
210 1959 285 2006 hic
319 1970 431 2007 orat.

455 2046 486 2079 1.
523 2046 558 2079 Y
594 2046 617 2080 s
654 2031 674 2080 r
713 2048 745 2080 ‘r
779 2047 810 2080 Ε
849 2048 879 2079 1.
914 2047 944 2079 E
982 2046 1021 2079 s,
1076 2062 1079 2066 «

404 2106 672 2167 ‘Inpetrabit
696 2118 745 2154 te
762 2107 991 2154 advocato
1020 2118 1166 2166 atque
1190 2105 1375 2151 arbitro.

107 2179 224 2225 Istae
267 2179 370 2242 lege
412 2179 558 2226 filiam
594 2191 730 2226 tuam
762 2181 987 2242 sponden’
1026 2180 1146 2226 mihi
1183 2196 1381 2226 uxorem

364 2251 466 2297 dari
487 2251 509 2294 ἱ)

205 2349 210 2355 ’
451 2335 1041 2372 CHARMIDES.

103 2386 350 2450 Spondeo.
