1630 2866
71 153 198 201 v.39
371 135 661 185 ACTUS
711 138 789 183 ΙΙ.
839 135 942 186 S.C.
996 138 1096 185 VI.
1260 146 1355 193 ‘271‘

528 259 559 292 L
597 258 632 291 A
670 259 696 290 B
735 259 768 292 R
803 257 838 291 A
873 259 924 292 X.

72 319 123 366 O
151 319 301 381 scirpe
318 353 333 374 ,
360 319 532 380 scirPe!
563 318 706 364 laudo
738 317 946 365 fortunas
973 329 1107 378 tuas,

73 390 176 461 Qui
204 405 387 451 semper
416 405 563 435 servas
598 388 795 452 gloriam
830 387 1083 434 aritudinis.

430 483 456 515 c
493 483 527 515 Η
563 482 597 515 A
633 484 665 516 R
700 483 743 516 M
780 482 800 515 1
836 483 871 515 D
911 483 942 516 E
977 482 1015 516 s.

70 543 315 605 Equidem
350 558 430 586 me
469 541 531 587 ad
567 541 891 587 velitationem
929 558 1157 588 exerceo:

72 615 196 661 Nam
229 613 391 660 omnia
418 629 607 659 corusca
638 629 749 674 prae
776 624 981 659 tremore
1003 613 1202 660 fabulor.

529 705 560 738 1.
594 705 629 738 A
667 705 696 736 B
731 706 766 738 R
803 704 838 737 A
872 705 921 739 X.-

72 765 287 827 Edepol,
317 764 575 826 Neptune,
607 781 653 810 es
690 764 934 810 balneator
966 764 1180 829 frigidus:

74 839 202 885 Cum
218 839 508 885 vestimentis
528 850 837 900 posteaquam
861 840 942 902 abs
965 851 1013 885 te
1035 840 1128 886 abii
1139 842 1322 907 malgeo

73 912 148 958 Ne
179 912 554 974 thermopoliurn
585 913 786 973 quidem
820 899 974 959 ulium
1004 914 1214 961 instruit·

74 986 148 1032 Ita
181 986 341 1031 salsam
365 985 560 1047 praebet
594 985 847 1046 potionem
876 997 924 1031 et
960 985 1190 1051 frigidam.

427 1078 455 1111 C
491 1078 526 1111 Η
562 1078 597 1111 A
633 1079 667 1112 R
702 1079 746 1112 M
783 1079 804 1112 1
838 1080 875 1113 D
910 1080 940 1112 E
977 1080 1015 1114 S.

75 1140 141 1188 Ut
165 1139 394 1186 fortunati
419 1151 530 1186 sunt
561 1139 679 1185 fabri
712 1139 917 1199 ferrarii,

74 1213 179 1283 Qui
202 1211 332 1275 apud
362 1213 587 1259 carbones
618 1213 850 1260 assident!
886 1231 1070 1277 semper
1101 1217 1269 1264 calent.

522 1290 559 1340 1:
588 1307 622 1340 A
661 1308 687 1339 B
723 1309 756 1341 R
792 1308 826 1340 A
862 1308 911 1341 x.

71 1369 266 1415 Utinam
298 1368 488 1413 fortuna
514 1384 644 1413 nunc
669 1369 855 1415 anatina
885 1381 1042 1416 uterer
1058 1406 1073 1428 ,

0 1432 5 1437 ⁵
73 1441 154 1487 Uti
180 1458 334 1502 quom
359 1441 602 1486 exivissem
628 1457 688 1485 ex
715 1458 863 1501 aqua,
894 1459 1073 1488 arerem
1101 1435 1282 1491 tamen!

429 1535 1015 1569 CHARMIDES.

74 1594 240 1664 Quid,
271 1594 308 1639 si
337 1594 497 1654 aliquo
524 1595 586 1640 ad
612 1597 751 1642 ludos
780 1614 859 1642 me
889 1614 976 1660 pro
1000 1598 1239 1645 manduco
1271 1601 1345 1647 lo-

323 1669 467 1714 cem?

517 1746 549 1779 1.
584 1746 619 1780 A
653 1748 681 1779 Β
718 1749 752 1782 R
789 1747 824 1780 A
860 1748 910 1781 x.

74 1799 413 1869 Quapropter?

425 1877 454 1909 e
487 1875 523 1908 Η
558 1875 592 1909 A
626 1878 661 1911 R
696 1877 740 1910 Μ
774 1878 794 1910 1
830 1878 865 1910 D
901 1877 931 1910 Ε
966 1876 1004 1909 s.

421 1933 553 2003 Quia
577 1937 663 1996 pol
687 1937 809 1981 clare
838 1938 1018 1998 crepito
1048 1936 1279 1985 dentibus.

69 2005 185 2066 Jure
219 2005 424 2067 optumo
451 2023 530 2052 me
553 2009 711 2055 lavisse
747 2010 958 2057 arbitror.

525 2101 557 2133 L
592 2101 628 2134 A
663 2102 691 2133 Β
728 2103 761 2135 R
796 2103 831 2136 Α
866 2105 914 2136 Χ.

74 2152 177 2221 Qui
194 2151 216 2197 ?
943 2196 947 2199 .

428 2229 456 2261 C
491 2227 525 2261 H
558 2228 595 2261 A
628 2229 662 2262 R
696 2229 740 2261 M
774 2229 795 2260 I
831 2230 867 2261 D
900 2230 930 2262 E
966 2230 1003 2263 S.

206 2290 336 2359 Quia
360 2290 585 2337 auderem
607 2301 767 2336 tecum
792 2291 841 2335 in
869 2308 1040 2338 navem
1071 2293 1346 2354 ascendere,

0 2394 2 2399 ·
74 2363 177 2433 Qui
194 2381 222 2410 a
242 2363 559 2410 fundamento
584 2362 701 2409 mihi
724 2379 874 2424 usque
898 2365 1087 2412 movisti
1109 2382 1250 2412 mare.
