1630 2866
227 192 318 238 268
647 192 1076 244 RUDENS.
1377 213 1505 247 v.11

224 300 551 362 Commodule
579 302 775 348 melius:
803 303 1000 350 tandem
1027 322 1139 352 vero
1168 307 1295 354 serio.

222 374 378 421 Etiam
408 385 653 436 acceptura
679 392 724 421 es
751 393 921 424 urnam
943 379 1102 424 hanc?
1135 379 1221 427 ubi
1241 391 1297 427 tu
1320 398 1366 429 es
1392 397 1513 446 gen-

487 449 610 494 tium
626 449 647 494 Ξ)

223 517 473 580 Nusquam
505 519 661 566 hercle
689 521 916 582 equidem
939 524 1068 569 illam
1086 523 1243 570 video.
1275 524 1415 570 ludos
1431 541 1509 571 me

482 592 604 639 facit.

222 661 483 725 Apponam
513 666 668 712 hercle
701 684 868 714 urnam
889 670 990 732 jam
1018 685 1106 733 ego
1136 668 1255 715 hanc
1277 669 1329 715 in
1351 668 1510 715 media

478 757 565 786 via.

222 810 318 858 Sed
349 824 510 859 autem
530 849 543 871 ,
580 814 701 875 quid
732 814 767 860 si
801 808 920 860 hanc
955 815 1065 861 hinc
1098 811 1343 863 abstulerit
1382 815 1510 877 quis-

476 888 604 950 piam

223 960 407 1007 Sacram
432 979 603 1008 urnam
621 962 815 1009 Veneris
828 963 850 1007 Ρ
873 962 990 1008 mihi
1009 961 1229 1008 exhibeat
1246 962 1508 1027 negotium.

221 1034 393 1080 Metuo
420 1035 602 1091 hercle,
622 1051 683 1080 ne
706 1036 784 1080 illa
802 1035 974 1080 mulier
999 1035 1117 1080 mihi
1146 1035 1330 1081 insidias
1355 1038 1509 1093 locet,

222 1105 288 1150 Ut
319 1107 682 1167 conprehendar
711 1123 823 1151 cum
848 1123 969 1152 sacra
999 1122 1117 1151 urna
1146 1106 1358 1152 Veneria.

220 1179 411 1241 Nempe
446 1192 651 1242 optumo
684 1197 763 1227 me
783 1183 891 1245 jure
916 1182 967 1226 in
996 1181 1195 1227 vinculis
1225 1182 1380 1228 enicet

166 1305 170 1308 ⁴
220 1251 541 1315 Magistratus,
574 1252 609 1296 si
641 1253 744 1312 quis
779 1269 857 1297 me
887 1252 1008 1298 hanc
1034 1250 1207 1298 habere
1238 1253 1424 1299 viderit.

219 1324 346 1371 Nam
378 1325 493 1370 haec
521 1326 699 1370 literata
724 1325 807 1370 ’stz
843 1325 903 1380 ab
938 1342 984 1371 se
1012 1336 1166 1371 cantat
1192 1326 1337 1389 quoja
1368 1325 1436 1370 sit.

215 1395 323 1455 Jam
355 1396 512 1442 hercle
536 1395 745 1442 evocabo
775 1397 886 1442 hinc
905 1397 1026 1443 hanc
1045 1396 1335 1442 sacerdotem
1355 1396 1475 1443 foras
1490 1430 1508 1454 ,

222 1470 287 1516 Ut
313 1470 433 1515 hanc
464 1470 657 1531 accipiat
691 1486 874 1515 urnam.
906 1469 1128 1515 accedam
1157 1469 1251 1515 huc
1282 1469 1342 1514 ad
1371 1468 1505 1516 fores.

221 1543 355 1589 Heus
382 1543 460 1599 sis,
490 1542 876 1588 Ptolemocratia!
911 1557 1026 1603 cape
1054 1542 1370 1587 hanc‘urnam
1393 1541 1504 1588 tibi:

222 1616 506 1662 Muliercula
537 1615 659 1660 hanc
683 1615 841 1661 nescio
874 1631 996 1675 quae
1016 1614 1108 1659 huc
1133 1613 1194 1659 ad
1213 1630 1295 1660 me
1321 1613 1507 1659 detulit.

222 1688 355 1733 Intro
387 1687 674 1754 ferundaJst.
708 1686 861 1752 reperi
892 1685 1166 1749 negotium:

224 1759 476 1820 Siquidem
489 1760 558 1805 his
574 1760 693 1806 mihi
710 1761 836 1805 ultro
851 1759 1118 1822 aggerunda
1134 1759 1274 1805 etiam
1289 1768 1356 1805 est
1370 1774 1506 1820 aqua.

587 1891 951 1966 scENA
1035 1917 1140 1964 VJ.

301 2060 729 2098 LABRAX,
800 2058 1431 2096 CHARMIDES.

671 2192 703 2224 L
739 2191 773 2224 A
810 2193 838 2225 Β
875 2193 910 2226 R
945 2192 980 2225 A
1014 2193 1065 2226 x.
1340 2234 1341 2237 Ἰ

228 2181 411 2346 QUI
437 2279 586 2324 homo
618 2293 712 2323 sese
734 2277 957 2322 miserum
978 2287 1026 2322 et
1049 2273 1504 2332 mendicum-volet,'

222 2352 454 2414 Neptuno
483 2352 642 2399 credat
671 2369 766 2399 sese
793 2362 938 2412 atque
967 2360 1167 2396 aetatem
1192 2364 1347 2392 suam:

223 2424 347 2471 Nam
381 2426 418 2471 si
450 2426 556 2487 quis
586 2425 706 2486 quid
735 2440 847 2470 cum
881 2439 938 2468 eo
966 2421 1034 2468 rei
1065 2419 1344 2466 conmiscuit
1362 2453 1377 2478 ‚
