1630 2866
206 178 313 243 356.
501 175 1139 226 PSEUDOLUS.
1343 178 1505 240 v.13‘7-

573 298 601 331 c
640 297 675 331 A
714 297 745 330 L
780 296 803 329 1
838 297 878 330 D:
913 296 945 330 0
982 297 1017 331 R
1052 296 1088 329 U
1122 295 1160 330 s.

1005 367 1195 429 Ecquid
1228 378 1276 415 te
1304 368 1498 430 pudet?

664 463 694 495 Β
731 462 766 495 Α
801 461 832 495 1.
867 462 898 495 L
934 462 956 495 1
994 462 1045 495 o.

207 532 318 581 Ted
357 543 619 579 amatorem
663 533 921 579 inventum
965 548 1059 579 esse
1092 532 1319 594 inanem,
1367 535 1499 596 quasi

468 623 638 652 cassam
674 623 864 652 nucem.
1235 662 1243 668 Λ

207 676 306 726 Sed
336 695 634 740 quamquam
678 680 832 725 multa
853 713 866 736 ‚
906 679 1126 740 malaque
1167 679 1218 724 in
1238 694 1340 725 ‘me
1376 678 1504 726 dicta

466 752 644 797 dixistis
673 751 824 809 mihi,

208 825 307 871 Nisi
336 827 452 872 mihi
482 827 711 874 adtulerit
728 827 865 873 Miles
894 826 1149 888 quinque,
1185 842 1300 888 quas
1325 824 1504 883 debet,

464 901 611 947 minas
631 936 646 959 ‚

208 971 345 1018 Sicut
364 974 479 1019 haec
509 986 576 1020 est
595 974 871 1035 praestituta
891 990 1074 1020 summa
1096 973 1138 1018 ei
1163 982 1355 1036 argento
1377 972 1499 1019 dies:

207 1045 257 1095 Si
279 1047 316 1094 is
345 1062 447 1092 non
468 1046 619 1091 aderit
634 1081 647 1103 ‚
668 1062 805 1107 posse
829 1046 1002 1108 opinor
1018 1045 1167 1091 facere
1192 1045 1399 1091 officium
1417 1060 1501 1090 me.

469 1135 647 1164 meum.

570 1221 597 1255 C
637 1224 674 1257 A
708 1223 739 1256 L
775 1223 799 1256 1
833 1224 869 1257 D
904 1221 938 1256 O
973 1222 1009 1256 R
1042 1221 1079 1254 U
1114 1219 1155 1255 S-

211 1283 351 1354 Quid
384 1282 436 1331 id
466 1284 567 1331 est?

671 1370 700 1402 B
737 1367 773 1402 A
810 1368 842 1402 L
875 1368 905 1401 L
942 1368 964 1402 1
1000 1369 1046 1401 o.

345 1477 358 1489 .
404 1435 454 1484 Si
475 1448 531 1484 tu
551 1448 803 1503 argentum
827 1436 1051 1484 adtuleris
1069 1469 1083 1492 ‚
1103 1449 1216 1481 cum
1232 1434 1315 1480 ino
1333 1433 1500 1496 perdi-

891 1510 1045 1557 derim
1071 1509 1235 1555 fidem.

209 1581 321 1631 Hoc
346 1598 512 1629 meum
529 1583 586 1629 ’st
606 1583 842 1629 officium:
876 1597 964 1645 ego
981 1616 995 1640 ,
1023 1597 1191 1643 operae
1217 1580 1255 1626 si
1277 1580 1364 1638 sit,
1389 1581 1501 1641 plus

473 1668 637 1703 tecum
670 1657 865 1717 loquar:

211 1724 309 1772 Sed
341 1727 439 1772 sine
471 1738 667 1790 argento
698 1726 867 1772 frustra
895 1737 992 1783 est,
1024 1725 1159 1786 quod
1193 1739 1272 1769 me
1306 1723 1377 1769 tui
1405 1724 1498 1769 mi·-

466 1800 603 1845 sereri
629 1800 853 1859 postulas.

213 1871 345 1922 Haec
371 1889 479 1918 mea
495 1872 551 1917 ’st
582 1871 814 1917 sententia
831 1905 845 1927 ,
874 1881 931 1916 ut
953 1881 1010 1916 tu
1036 1870 1147 1916 hinc
1173 1885 1351 1931 porm,
1377 1867 1500 1931 quid

473 1961 575 2008 agas
589 1979 604 2002 ‚
639 1944 857 1989 consulas.
1410 1946 1414 1949 ’

575 2043 1157 2080 CALIDORUS.

211 2097 539 2161 Jamneabis?

668 2183 698 2217 Β
734 2182 770 2216 Α
806 2183 837 2216 L
872 2183 904 2216 L
939 2183 960 2215 1
999 2183 1048 2216 ο.

475 2251 650 2318 Negoti
681 2267 812 2297 nunc
834 2268 940 2297 sum
958 2253 1142 2313 plenus.

572 2354 604 2388 P
643 2353 670 2389 S
703 2353 734 2387 E
771 2353 807 2388 U
841 2353 879 2387 D
915 2352 950 2385 0
985 2351 1016 2384 L
1056 2350 1091 2382 U
1125 2347 1162 2381 S.

1023 2417 1313 2476 Paulo-post
1343 2413 1499 2477 magia
