1598 2814
219 131 315 193 Ἀθ
447 116 1250 180 TRUCULENTus
1356 133 1500 188 Qm1

607 314 937 363 SCENA
1009 317 1123 363 VI.

216 464 896 502 STRATOPHANES,
948 464 1496 506 PHRONBSIUM.

604 571 1117 608 ASTAPHIUM.

473 713 1272 750 STRATOPHANES.

209 770 346 882 NE
377 833 683 896 exspectetiS‚
703 844 1012 896 spectatoreS,
1032 851 1156 882 meas
1172 851 1353 900 pugnas
1375 833 1495 882 dum

464 906 763 967 praedicem.

206 980 429 1027 Manibus
457 979 607 1025 duelli
632 979 898 1041 praedicare
919 981 1073 1032 solem
1096 979 1257 1027 haud
1245 995 1298 1026 m
1318 995 1495 1026 sermo-

457 1052 612 1098 nibus.
868 1046 871 1047 ⁷
1459 1102 1462 1104 v

208 1115 315 1174 Scio
335 1142 422 1190 ego
442 1126 619 1171 multos
637 1125 968 1171 memoravisse
986 1125 1156 1171 milites
1169 1124 1490 1171 mendacium.

205 1201 267 1246 Et
279 1198 652 1255 Homeronidae,
666 1210 712 1244 et
722 1199 909 1260 postilla
919 1198 1049 1243 mille
1059 1198 1307 1244 memorari
1316 1209 1486 1259 potest,

207 1272 311 1340 Qui
344 1284 392 1318 et
421 1271 630 1317 convicti
662 1284 710 1317 et
735 1271 1044 1318 condemnati
1077 1271 1195 1317 falsis
1224 1271 1284 1317 de
1315 1271 1487 1336 pugnis

454 1346 585 1390 sient.

198 1419 312 1465 Non
346 1418 630 1465 laudandu’
634 1428 702 1474 st,
737 1419 855 1479 quoi
885 1419 992 1481 plus
1024 1417 1174 1464 credit
1203 1417 1291 1479 qui
1321 1418 1455 1464 audit
1471 1453 1485 1475 ‚

458 1510 604 1554 quam
634 1492 720 1552 qui
751 1492 896 1539 videt.

198 1567 310 1613 Non
330 1568 485 1629 placet
503 1602 516 1624 ,
543 1581 696 1627 quom
716 1566 782 1610 illi
805 1567 912 1627 plus
933 1565 1134 1613 laudant
1152 1565 1237 1627 qui
1255 1564 1482 1623 audiunt,

451 1658 597 1702 quam
631 1640 718 1700 qui
742 1640 924 1686 vident.
972 1637 981 1643 χ
1006 1688 1008 1690 ,

194 1715 344 1760 Pluris
363 1726 430 1760 est
449 1715 660 1760 oculatus
677 1714 802 1758 testis
819 1729 960 1770 unus,
968 1700 1122 1779 quam
1138 1713 1277 1760 auriti
1290 1711 1478 1759 decem:

196 1789 299 1856 Qui
325 1788 556 1845 audiunt,
584 1786 743 1832 audita
774 1786 967 1832 dicunt:
1005 1780 1318 1848 quiffldenss
1337 1787 1481 1847 plane

444 1863 611 1909 sciunt.
1275 1902 1291 1912 χ

187 1936 301 1982 Non
329 1938 510 1998 placet,
542 1953 690 1998 quem
709 1952 888 1982 scurrae
911 1935 1134 1993 laudant,
1159 1934 1476 1996 manipulares

443 2010 714 2056 mussitant:

187 2082 361 2145 Neque
378 2085 472 2142 illi,
490 2101 699 2146 quorum
718 2084 879 2148 lingua
895 2082 1160 2148 gladiorum
1177 2080 1324 2127 aciem
1339 2095 1474 2143 prae-

447 2158 630 2222 stringit
655 2158 804 2203 domi.

185 2227 374 2277 Strenui
391 2231 541 2277 nimio
567 2232 896 2292 plus'prosunt
913 2229 1097 2291 populo
1112 2262 1125 2284 ,
1155 2240 1300 2287 quam
1319 2225 1469 2288 arguti

446 2315 493 2349 et
523 2305 623 2350 cati.
1442 2298 1447 2299 ⁷

181 2375 333 2422 Facile
354 2378 442 2423 sibi
464 2376 805 2425 facunditatem
825 2378 972 2424 virtus
994 2384 1207 2438 axgutam
1226 2371 1424 2419 invenit.

1184 1870 1257 1887 *qs
