1630 2866
66 181 199 224 v.55
401 163 671 211 ACTUS
714 165 751 211 Ι.
801 163 908 213 SC.
958 167 1086 214 ΙΙ..
1288 182 1352 234 19

66 275 273 332 Miserae,
290 273 497 319 schoeno
516 272 771 331 delibutas,
787 272 1078 320 servolicolas
1096 275 1344 329 sordidas?

69 347 207 416 Quae
231 346 321 393 tibi
346 347 477 392 olant
508 346 749 391 stabulum
779 356 1080 406 statumque,
1115 349 1279 395 sellam
1304 360 1351 397 et

319 418 597 464 sessibulum
620 434 829 464 merum:

66 491 202 560 Quas
226 490 347 537 adeo
376 491 504 536 haud
539 491 790 552 quisquam
821 509 1057 554 umquam
1088 493 1213 541 liber
1244 497 1354 555 teti-2

321 563 413 626 git,
442 579 602 622 neque
636 564 775 610 duxit
806 563 1032 611 domum:

71 635 380 684 Servolorum
411 635 769 683 sordidulorum
800 649 950 686 scorta
982 639 1257 688 diobolaria.

487 738 530 770 M
567 738 588 771 1
623 739 653 772 1.
687 739 716 772 P
751 739 786 772 Η
819 741 841 773 1
877 741 925 774 o.

28 858 31 859 ⁷
73 803 99 848 I
132 802 183 865 in
222 804 395 850 malam
435 807 655 851 crucem!
696 808 797 854 tun'
832 808 975 853 audes
1015 808 1158 854 etiam
1193 825 1352 855 servos

327 892 543 938 spernere
558 879 581 923 Ξ)

73 947 399 1010 Propudium!
429 951 560 1009 quasi
587 949 712 996 bella
728 950 786 996 sit
801 984 816 1008 ,
855 953 986 1012 quasi
1015 970 1201 1015 eampse
1229 970 1359 1018 reges

324 1021 574 1067 ductitent.

72 1093 148 1139 En
165 1104 435 1140 monstrum
464 1094 695 1141 mulieris!
725 1096 910 1142 tantilla
931 1107 1061 1142 tanta
1083 1097 1227 1143 verba
1245 1096 1359 1155 fun-⁴

324 1168 468 1214 ditat:

73 1239 260 1308 Quojus
291 1255 378 1303 ego
410 1240 489 1286 vel
527 1239 731 1305 nebulae
762 1241 933 1303 cyatho
966 1253 1149 1302 septem
1187 1254 1352 1288 noctes

322 1327 427 1365 non
455 1327 626 1358 emam.

324 1393 1114 1446 AGoRASTocLEs.

74 1475 156 1522 Dii
173 1477 442 1524 inmortales
469 1480 846 1541 omnipotenteS‚
885 1480 1006 1541 quid
1038 1490 1106 1525 est
1130 1479 1260 1541 apud
1273 1495 1358 1527 vos

325 1552 600 1612 pulchrius?
1184 1542 1189 1547 ’
1374 1601 1391 1611 κ

74 1622 212 1692 Quid
242 1623 449 1682 habetis,
479 1619 614 1689 mage
645 1625 730 1685 qui
758 1624 1018 1670 inmortalis
1042 1640 1125 1670 vos
1155 1624 1348 1672 credam

328 1713 452 1754 esse,
486 1714 630 1757 quam
664 1712 751 1760 ego
785 1711 931 1752 soem,

78 1765 184 1834 Qui
211 1767 324 1814 haec
346 1779 476 1814 tanta
507 1769 653 1815 oculis
681 1770 809 1815 bona
835 1768 1052 1830 concipio
1069 1768 1092 1814 ?
1121 1784 1234 1814 nam
1256 1768 1353 1815 Ve-

333 1859 422 1887 nus
446 1859 549 1888 non
581 1854 648 1888 est
679 1841 854 1888 Venus,

80 1912 214 1960 Hanc
243 1916 471 1976 equidem
487 1916 727 1963 Venerem
748 1914 1008 1960 venerabor
1023 1948 1038 1972 ‚
1055 1930 1134 1960 me
1152 1924 1207 1959 ut
1225 1923 1351 1959 amet

334 1990 529 2050 posthac
553 1989 770 2050 propitia.
844 2006 850 2015 ¹

78 2055 282 2119 Milphio
299 2092 313 2116 ,
341 2060 479 2106 heus!
512 2060 742 2123 Milphio,
772 2061 857 2107 ubi
887 2059 965 2106 es?

491 2163 535 2195 M
570 2163 590 2195 1
626 2164 655 2196 L
693 2165 722 2197 P
758 2164 794 2196 Η
827 2165 848 2197 1
884 2164 930 2195 o.

466 2229 633 2276 Assum
653 2232 783 2291 apud
806 2242 854 2275 te
874 2230 1066 2274 eccum!

341 2323 1124 2360 AGORASTOCLES.

841 2396 941 2460 Ego
969 2395 1117 2442 elixus
1144 2396 1200 2442 sis
1228 2398 1354 2444 volo.

1027 2468 1064 2515 B
1098 2483 1123 2519 2
