1630 2866
68 193 160 233 ιι
362 174 652 225 ACTUS
696 175 776 220 ΙΙ.
826 171 928 221 SC.
977 173 1056 219 II.
1259 177 1351 223 171

434 298 472 345 S
523 297 563 343 C
608 295 652 341 E
698 257 820 341 JGA
919 291 1018 338 ιι.

135 430 572 470 HARPAx,
644 423 1271 466 PSEUDOLUS.

519 546 917 583 HARPAX.

72 603 209 716 HI
240 666 334 712 loci
362 678 502 722 sunt,
532 675 677 726 atque
702 665 791 711 hae
822 665 1056 731 regiones,
1085 680 1209 727 quae
1237 664 1356 711 mihi

325 740 385 786 ab
409 740 525 785 hero
549 749 659 784 sunt
693 738 1062 786 demonstratae:
1338 786 1346 793 ,

74 812 140 858 Ut
178 827 266 875 ego
302 811 450 856 oculis
485 811 718 856 rationem
754 811 889 872 capio
905 845 920 867 ,
960 827 1109 872 quam
1143 810 1261 857 mihi
1293 810 1357 857 im

331 882 452 928 dixit
485 882 622 928 herus
651 898 787 928 meus
811 883 972 940 miles,

73 955 304 1017 Septimas
322 971 416 1001 esse
431 955 557 1001 aedis
581 972 607 1001 a
628 965 766 1016 porta
777 953 800 1012 ,χ
815 954 902 1000 ubi
923 955 1004 1001 ffle
1020 955 1198 1002 habitat
1215 957 1358 1014 leno,‘

324 1017 445 1088 qhof
464 1027 600 1090 jussit

72 1100 357 1164 Symbolum
382 1116 462 1145 me
480 1099 598 1144 ferre
610 1133 624 1156 ,
652 1110 700 1145 et
716 1100 811 1146 hoc
830 1110 1092 1164 argentum.
1118 1101 1257 1148 nimis
1273 1118 1357 1149 ve-

324 1174 440 1230 lim,
483 1184 667 1219 certum
696 1173 785 1235 qui

76 1246 199 1294 Mihi
223 1246 382 1306 faciat,
414 1245 563 1292 Ballio
581 1246 694 1292 leno
720 1246 806 1292 ubi
827 1245 904 1291 hic
930 1245 1120 1292 habitat.

426 1335 456 1367 P
493 1333 518 1368 S
552 1335 583 1368 E
618 1334 654 1368 U
688 1335 724 1367 D
765 1334 799 1368 Ο
837 1334 869 1367 L
906 1333 942 1367 U
977 1333 1014 1367 S-

970 1393 1034 1441 St.
1065 1406 1197 1453 tace,
1226 1401 1360 1453 tace,‘

76 1466 213 1513 Meus
236 1467 313 1512 hic
343 1478 411 1529 est
438 1466 589 1513 homo
608 1501 622 1524 ‚
650 1468 701 1513 ni
734 1485 899 1515 omnes
925 1469 1008 1515 Dii
1034 1481 1179 1531 atque
1203 1471 1362 1517 homi-

328 1554 409 1583 nes
443 1539 679 1585 deserunt.
713 1556 844 1587 novo
875 1542 1068 1587 consilio

75 1610 219 1658 Nunc
239 1611 358 1656 mihi
382 1627 502 1675 opus
530 1623 621 1657 est:
652 1628 779 1659 nova
810 1629 880 1659 res
906 1613 1066 1659 subito
1094 1613 1214 1659 mihi
1242 1614 1359 1663 haec

329 1684 514 1748 objecta
549 1695 637 1730 est:

77 1754 185 1800 Hoc
217 1768 482 1818 ptaevortar
510 1757 771 1818 principio:
810 1756 887 1801 illa
920 1755 1082 1801 omnia
1108 1756 1244 1802 missa
1274 1756 1359 1802 ha-

327 1828 423 1875 beo
440 1864 455 1887 ‚
484 1846 606 1891 quae
631 1842 742 1876 ante
771 1846 908 1894 agere
936 1829 1110 1891 occepi.

73 1900 181 1958 Jam
211 1901 296 1962 pol
334 1919 421 1965 ego
450 1904 580 1950 hunc
614 1904 927 1950 stratioticum
962 1902 1188 1948 nuntium
1218 1900 1359 1963 advess

330 1974 543 2021 nientem
576 1977 730 2037 probe
756 1976 1035 2037 percutiam.

534 2063 570 2095 Η
603 2064 638 2096 Α
674 2067 708 2098 R
742 2064 771 2096 P
808 2064 843 2096 A
879 2065 931 2097 x.

81 2121 273 2168 Ostium
304 2119 503 2181 pulmho
525 2154 541 2178 ,
572 2126 718 2183 atqu!
751 2124 878 2169 intus
908 2123 1117 2170 evocabo
1149 2123 1358 2182 aliquem

334 2192 469 2239 foras.
915 2194 918 2195 ⁷

438 2276 466 2309 P
505 2276 527 2310 S
564 2277 594 2309 E
632 2276 669 2309 U
702 2277 740 2310 D
780 2277 812 2310 O
849 2277 880 2310 I.
915 2278 952 2310 U
987 2276 1054 2310 ss

87 2340 314 2408 Quisquis
344 2355 388 2384 es
405 2373 418 2395 ,
451 2338 780 2399 conpendium
805 2355 893 2405 ego
922 2350 969 2386 te
996 2338 1144 2386 facere
1170 2339 1361 2401 pultan÷

338 2411 389 2456 di
420 2412 533 2458 volo
547 2429 565 2461 ;
