1630 2866
231 207 322 242 200
537 187 1183 238 PSEUDOLUs.
1381 202 1517 250 ηιμ

587 315 615 348 Ρ
654 314 677 348 S
712 315 743 348 E
779 314 816 347 U
852 315 888 347 D
923 315 957 349 0
990 314 1022 349 L
1059 314 1095 348 U
1131 315 1169 351 S.

231 378 456 428 Tertium
481 376 575 422 hoc
596 387 678 422 est.

721 462 744 497 s
781 464 802 496 1
839 465 881 497 M
919 463 940 495 1
978 462 1031 496 A.
1070 446 1074 449 ⁴

428 524 506 573 St!
543 536 642 571 tace
658 561 669 581 ‚
695 524 833 570 aedes
856 525 1057 571 hiscunt.

591 612 620 645 P
659 611 681 646 S
716 613 747 646 E
785 612 821 646 U
857 614 893 646 D
932 612 964 645 O
1001 611 1033 644 I..
1070 611 1105 644 U
1140 609 1175 644 S.

921 673 1078 721 Credo
1095 707 1111 732 ,
1144 673 1304 723 animo
1330 675 1451 721 male
1465 674 1520 720 ’st

235 739 464 788 Aedibus,

727 815 751 850 s
787 816 808 850 1
845 818 888 851 M
924 817 946 850 1
981 817 1030 851 A.

396 870 535 942 Quid
569 869 699 934 jam?

597 957 627 989 P
664 955 686 989 S
722 955 752 988 E
793 955 827 987 U
863 956 898 988 D
941 955 972 988 O
1012 954 1042 987 1.
1080 954 1117 987 U
1155 953 1191 989 S.

513 1016 643 1085 Quia
663 1015 838 1076 edepol
861 1017 1019 1077 ipsum
1037 1017 1263 1062 lenonem
1281 1025 1520 1063 evomunt.

729 1108 752 1142 s
788 1110 810 1141 1
845 1108 888 1141 M
923 1109 944 1141 1
981 1108 1028 1140 A.
1067 1096 1084 1112 ·

236 1161 575 1210 miccineest?

528 1236 1266 1283 *PsEUDoLUS.‚

545 1298 649 1344 Illic
681 1308 759 1343 est.

734 1383 756 1417 S
795 1382 815 1414 I
851 1381 894 1414 M
930 1382 952 1414 1
987 1380 1034 1413 A.

762 1443 887 1489 Mala
923 1457 1059 1488 merx
1090 1451 1167 1488 est.

599 1529 629 1564 Ρ
666 1528 688 1562 s
724 1529 755 1561 Ε
792 1528 827 1561 U
864 1528 900 1561 D
940 1527 972 1560 o
1011 1528 1042 1561 Ι,
1079 1527 1115 1560 U
1153 1527 1193 1560 s.

1161 1589 1281 1634 Illuc
1307 1587 1364 1633 sis
1387 1586 1500 1634 vide
1514 1606 1527 1632 ε

243 1666 357 1712 Non
386 1682 575 1728 prorsus
594 1700 607 1719 ‚
640 1680 808 1711 verum
830 1680 891 1710 ex
915 1675 1180 1710 transvorso
1213 1662 1367 1718 cedit,
1395 1661 1528 1722 quasi

503 1753 666 1784 cancer
695 1738 825 1782 solet.

633 1881 967 1929 SCENA
1041 1880 1145 1926 II.

311 2024 733 2062 BALLIO,
810 2020 1464 2061 PSEUDOLUS.

731 2118 1064 2154 SIMIA.

1279 2237 1329 2247 (N

707 2250 1090 2285 BALLIO.
1226 2245 1345 2294 f*

244 2302 537 2417 MINUS
566 2366 749 2412 malum
776 2366 907 2410 hunc
930 2362 1178 2409 hominem
1203 2373 1299 2414 esse
1324 2357 1526 2420 opinor,

506 2456 654 2500 quam
680 2453 774 2484 esse
800 2436 1047 2484 censebam
1063 2447 1290 2493 coquom
1307 2449 1315 2476 :
