1630 2866
116 215 247 260 'cr-54
390 196 495 244 IN
558 164 1161 243 RUDENTE‘M.
1310 212 1407 262 239

115 311 205 359 Eat
234 310 286 356 in
318 307 547 355 Siciliam:
586 308 653 354 ibi
679 325 772 354 esse
795 307 1013 354 homines
1046 309 1338 370 voluptarios

115 385 270 438 Dicit:
306 396 489 446 potesse
526 383 593 429 ibi
623 382 721 428 fieri
758 398 871 428 eum
902 381 1131 429 divitem:

116 458 195 506 Ibi
221 473 317 504 esse
349 467 596 517 quaestum
631 471 914 500 maxumum
943 455 1275 502 meretricibus.

116 530 384 578 Persuadet.
416 528 547 578 navis
580 528 853 573 clanculum
885 526 1185 573 conducitur.

116 601 379 672 Quidquid
407 612 503 646 erat
517 634 532 656 ,
563 611 711 644 noctu
738 600 787 644 in
806 615 975 644 navem
994 610 1239 660 conportat
1256 599 1408 647 domo

117 675 283 722 Leno:
317 672 630 728 adulescenti,
662 672 747 731 qui
774 672 985 732 puellam
1005 672 1064 717 ab
1082 688 1140 718 eo
1168 683 1373 730 emerat,

119 749 202 796 Ait
227 765 322 794 sese
357 748 534 794 Veneri
555 748 679 792 velle
709 758 882 793 votum
912 748 1107 792 solvere.

119 823 182 870 Id
214 823 291 869 hic
317 834 384 868 est
406 821 574 868 fanum
609 819 803 865 Veneris
820 853 834 875 ,
873 831 921 864 et
944 834 1000 864 eo
1032 818 1094 864 ad
1120 817 1377 879 prandium

122 896 323 942 Vocavit
355 895 706 940 adulescentem
736 893 880 938 hunc.
913 892 1013 952 ipse
1046 891 1156 936 hinc
1183 891 1311 937 illico

119 960 412 1016 ‘Conscendit
444 984 615 1014 navem
630 1002 643 1024 ,
672 966 829 1012 avehit
860 965 1193 1011 meretricula&

123 1043 430 1090 Adulescenti
462 1042 537 1087 alii
569 1051 755 1086 narrant
770 1073 785 1097 ,
815 1049 871 1084 ut
893 1055 963 1084 res
992 1051 1118 1103 gesta
1147 1039 1230 1084 sit:

122 1116 377 1162 Lenonem
410 1113 618 1160 abivisse.
652 1112 714 1158 ad
743 1123 942 1173 portum
962 1111 1234 1158 adulescens
1250 1112 1406 1158 venit:

124 1187 325 1232 Illorum
354 1183 481 1230 navis
513 1185 654 1247 longe
684 1183 735 1228 in
765 1184 916 1228 altum
948 1183 1236 1230 abscesserat.

123 1259 258 1324 Ego,
289 1259 521 1321 quoniam
549 1259 692 1304 video
729 1258 960 1322 virginem
991 1260 1295 1320 asportarier,

125 1331 292 1378 Tetuli
314 1331 357 1376 ei
385 1331 615 1376 auxilium
642 1341 689 1376 et
717 1331 881 1375 lenoni
911 1331 1113 1378 exitium
1146 1333 1311 1379 simul:

125 1404 346 1465 Increpui
374 1404 653 1460 hibernum,
679 1415 727 1449 et
751 1403 924 1450 fluctus
951 1407 1081 1451 movi
1106 1407 1377 1469 maritimos,

127 1476 251 1521 Nam
273 1475 495 1520 Arcturus
514 1475 700 1538 signum
726 1492 831 1520 sum
850 1478 1071 1523 omniurn
1090 1494 1407 1530 acerrumum;

131 1545 403 1606 Vehemens
432 1563 539 1590 sum
574 1546 812 1591 exoriens:
847 1564 1001 1607 quom
1035 1551 1233 1606 occido,
1266 1553 1411 1596 vehe-

382 1627 599 1661 mentlor.

133 1689 276 1735 Nunc
304 1687 448 1735 ambo
477 1689 528 1734 in
557 1706 694 1746 saxo,
713 1691 824 1736 leno
848 1700 993 1751 atque
1017 1689 1213 1750 hospes,
1238 1692 1380 1741 simul

132 1761 312 1807 Sedent
343 1762 502 1825 ejecti:
538 1763 667 1809 navis
699 1763 933 1809 confracta
966 1776 1032 1808 est
1061 1763 1180 1809 ibus.

136 1834 225 1879 Illa
249 1845 407 1880 autem
431 1830 591 1898 virgo,
623 1847 766 1896 atque
792 1839 933 1883 altera
960 1837 1130 1882 itidem
1164 1840 1414 1899 ancillula,

134 1907 212 1954 De
240 1907 350 1952 navi
376 1907 568 1954 timidae
597 1909 886 1956 desiluerunt
905 1911 956 1956 in
982 1911 1215 1972 scapham.

86 2019 90 2022 .
133 1979 281 2025 Nunc
308 1995 380 2024 eas
406 1980 466 2024 ab
498 1996 607 2026 saxo
641 1981 814 2028 fluctus
853 1983 913 2028 ad
949 1995 1119 2029 terram
1155 1984 1346 2045 ferunt,

133 2050 215 2097 Ad
241 2051 403 2096 villam
433 2051 555 2097 illius
573 2087 589 2109 ,
624 2056 758 2100 exsul
787 2055 873 2101 ubi
904 2056 1083 2102 habitat
1112 2074 1283 2117 senex,

138 2124 330 2193 Quojus
359 2123 628 2170 deturbavit
653 2137 821 2172 ventus
843 2139 1027 2174 tectum
1053 2143 1101 2177 et
1128 2134 1316 2195 tegulas.

135 2195 199 2242 Et
228 2212 380 2252 servos
413 2196 507 2240 illic
540 2208 609 2242 est
643 2199 739 2260 ejus
757 2232 772 2255 ,
803 2199 888 2259 qui
925 2202 1164 2263 egreditur
1190 2203 1323 2249 foras.

137 2268 426 2316 Adulescens
454 2270 550 2316 huc
571 2271 671 2333 jam
698 2271 949 2329 adveniet,
974 2290 1120 2333 quem
1139 2276 1386 2336 videbitis,

138 2341 240 2410 Qui
264 2342 393 2388 illam
422 2354 634 2388 mercatu
650 2343 706 2388 'st
738 2343 800 2388 de
832 2345 1006 2390 lenone
1036 2346 1282 2410 virginem.

136 2409 307 2478 ‘Valete
325 2449 340 2472 ,
373 2426 427 2462 ut
449 2416 602 2462 hostes
632 2417 776 2463 vostri
813 2417 1029 2466 diffidant
1060 2420 1161 2466 sibi.
