1630 2866
245 207 335 256 132
562 185 1205 237 PSEUDOLUS.
1311 203 1522 246 .v.117

241 301 404 361 Atque
431 299 521 345 hoc
549 314 610 344 ne
638 298 822 343 dictum
850 297 939 343 tibi
963 313 1103 362 neges
1119 333 1134 356 ,
1168 297 1276 357 dico
1298 299 1459 360 prius,

238 374 289 422 Si
308 373 556 421 neminem
575 371 722 418 alium
740 382 912 433 potero
923 406 938 429 ,
956 383 1099 418 tuum
1115 383 1304 437 tangam
1325 384 1525 434 patrem.

600 480 1186 516 CALIDORUS.

236 551 317 598 Dii
344 563 392 599 te
421 536 734 599 mihi⁹omnes
764 551 974 598 servent!
1008 567 1178 598 verum
1208 552 1244 598 si
1269 563 1439 615 potes,

234 625 424 672 Pietatis
456 641 609 670 caussa
628 660 640 681 ,
670 625 748 670 vel
774 624 915 669 etiam
945 633 1150 669 matrem
1179 641 1391 686 quoque.

591 728 624 761 ,P
663 728 685 761 s
722 728 753 760 Ε
792 727 828 759 U
863 727 898 759 D
939 726 971 759 o
1005 726 1037 760 1.
1074 726 1109 760 U
1147 727 1189 761 s.

231 795 308 843 De
333 796 441 842 istac
471 812 521 841 re
550 796 602 842 in
634 796 832 841 oculum
863 794 1098 841 utrumvis
1132 796 1469 858 conquiescito.

592 903 620 935 c
657 902 693 935 A
727 903 759 936 Ι,
795 903 816 935 1
854 903 890 935 1)
931 902 964 936 o
1000 903 1035 936 R
1069 902 1105 935 U
1142 901 1181 936 s.

228 970 447 1016 Oculum
482 981 648 1022 utrum
666 1005 681 1028 ,
714 986 836 1016 anne
859 971 909 1016 in
938 970 1142 1016 aurem?

498 1052 1176 1109 ”Ρ3Ευ1)οισε.

695 1144 761 1190 At
791 1145 882 1191 hoc
912 1145 1245 1207 pervolgatum
1266 1143 1321 1189 ’st
1346 1145 1515 1191 minus.

228 1217 371 1263 Nunc
395 1233 456 1263 ne
483 1217 586 1278 quis
614 1217 797 1263 dictum
822 1217 908 1263 sibi
932 1229 1098 1281 neget,
1127 1217 1234 1264 dico
1262 1219 1513 1277 omnibus,

226 1290 362 1336 Pube
394 1290 655 1352 praesenti,
689 1291 740 1336 in
777 1291 1035 1348 concione,
1065 1292 1198 1336 omni
1228 1293 1412 1353 poplo,

227 1365 470 1411 Omnibus
499 1364 654 1410 amicis
673 1398 687 1422 ‚
716 1365 938 1426 notisque
970 1364 1106 1410 edico
1133 1365 1251 1410 meis
1268 1398 1284 1422 ,

224 1437 284 1483 In
309 1438 438 1483 hunc
467 1437 598 1483 diem
619 1454 646 1482 a
663 1453 743 1482 me
765 1447 822 1483 ut
839 1448 1058 1495 caveant,
1084 1453 1147 1483 ne
1165 1436 1359 1484 credant
1374 1435 1507 1484 mihi.

582 1538 1168 1575 CALIDORUS.

222 1608 299 1658 St!
334 1620 435 1657 tace
465 1610 660 1656 obsecro
690 1609 857 1654 hercle.

576 1700 1158 1743 PSEUDOLUS.

875 1773 1011 1843 Quid
1042 1772 1205 1836 negoti
1222 1772 1311 1820 ’sti'

578 1856 1166 1905 GALIfioRUs.

1311 1925 1505 1978 Ostium
1558 1906 1560 1908 .

216 1988 425 2036 Lenonis
455 1988 652 2050 crepuit.

569 2084 598 2117 P
633 2083 656 2118 S
693 2085 724 2117 E
760 2083 796 2116 U
831 2085 866 2118 D
910 2084 941 2117 Ο
980 2085 1011 2118 1.
1048 2084 1084 2117 U
1122 2085 1162 2119 S.

669 2152 814 2198 Cxura
845 2153 1098 2199 mavellem
1128 2151 1294 2198 modo.

569 2258 597 2290 C
635 2257 669 2290 A
706 2257 736 2290 L
773 2257 794 2290 I
830 2257 866 2289 D
905 2257 937 2290 Ο
973 2257 1006 2290 R
1042 2255 1078 2288 U
1113 2254 1149 2288 S.

211 2329 373 2393 Atque
405 2331 503 2393 ipse
539 2329 778 2395 egreditur
810 2330 1001 2391 penitus
1028 2329 1274 2393 perjurum
1301 2334 1455 2387 caput.

1620 2736 1630 2779 ..μ
1620 2701 1630 2725 m
1622 2622 1630 2688 ..ι-..-
1625 2582 1630 2606 ...
1623 2526 1630 2571 ,μη
1627 2467 1630 2478 -
1628 2444 1630 2453 ..
