1690 2872
335 165 430 211 450
627 143 1283 193 TRINUMMUS.
1479 147 1607 193 v.68

323 259 486 320 Atque
508 256 575 302 ibi
603 254 857 316 opulentus
889 253 978 299 tibi
1006 270 1090 315 par
1115 254 1241 301 forte
1271 265 1328 301 ut
1363 255 1572 312 venerit,

319 330 549 393 Apposita
577 328 634 372 sit
664 343 811 373 coena
829 361 842 384 ,
870 328 1153 388 popularem
1186 343 1332 387 quam
1361 338 1562 384 vocant,
1620 373 1625 377 ,

321 405 368 451 Si
399 404 467 448 illi
503 412 751 464 congestae
785 400 878 445 sint
912 401 1080 460 epulae
1111 417 1138 446 a
1168 400 1416 446 cllentibus
1434 434 1450 458 ,

320 478 368 523 Si
392 476 512 537 quid
542 475 632 521 tibi
658 474 866 535 placeat,
900 473 1038 534 quod
1062 473 1131 518 illi
1159 484 1435 538 congestum
1459 473 1572 531 siet,

319 550 517 608 Edisne‚
548 565 609 595 an
635 549 910 594 incoenatus
941 563 1053 593 cum
1083 548 1318 608 opulento
1344 546 1574 594 accubes?

644 643 675 675 L
711 643 742 675 E
785 641 807 674 S
845 642 873 674 Β
915 642 947 675 Ο
984 642 1017 675 N
1052 642 1074 674 I
1113 643 1139 676 C
1177 641 1213 675 U
1251 641 1294 676 S·

318 708 460 755 Edim
476 742 490 767 ,
522 707 609 752 nisi
636 707 717 753 ille
743 716 886 751 vetet.

709 793 733 827 S
771 792 803 826 T
839 791 874 825 A
912 790 934 825 S
970 791 991 823 I
1027 790 1070 823 M
1108 790 1144 823 U
1180 790 1236 829 S.¹

869 851 933 898 At
963 854 1048 914 pol
1081 868 1169 917 ego
1188 887 1202 910 ‚
1241 851 1419 899 etiamsi
1448 864 1608 912 vetet,

318 928 459 975 Edim
476 962 489 986 ‚
527 938 672 988 atque
705 925 931 972 ambabus
966 926 1099 972 malis
1129 925 1326 987 expletis
1357 942 1556 973 vorem:

318 1003 379 1048 Et
415 1000 549 1062 quod
576 1000 644 1045 illi
674 1000 879 1059 placeat,
907 999 1190 1060 praeripiam
1219 998 1562 1060 potissumum:

320 1073 493 1132 Neque
523 1071 590 1115 illi
620 1069 879 1115 concedam
909 1070 1180 1130 quidquam
1217 1071 1279 1116 de
1306 1071 1402 1118 vita
1429 1088 1546 1118 mea.

320 1143 641 1192 Verecundari
673 1142 917 1188 neminem
943 1141 1072 1204 apud
1103 1159 1315 1189 mensam
1349 1144 1517 1201 decet,

321 1218 445 1266 Nam
471 1219 540 1265 ibi
572 1218 634 1263 de
663 1217 834 1263 divinIs
858 1227 1002 1277 atque
1035 1216 1253 1263 humanis
1285 1218 1507 1265 cernitur.

776 1304 1154 1339 PHILTO.

323 1358 446 1407 Rem
472 1357 693 1404 fabulare.

705 1433 739 1467 ‘S
777 1434 808 1466 T
845 1434 880 1467 A
918 1434 940 1467 S
978 1434 998 1466 Ῑ
1035 1434 1079 1467 Μ
1115 1434 1151 1467 U
1188 1434 1226 1468 S.

713 1495 827 1542 Non
852 1496 941 1542 tibi
965 1496 1116 1543 dicam
1152 1496 1268 1544 dolo
1290 1516 1302 1544 ι

327 1570 570 1618 Decedam
599 1585 685 1634 ego
715 1569 783 1614 illi
812 1569 872 1615 de
899 1571 974 1617 via
991 1605 1004 1627 ‚
1030 1570 1091 1616 de
1119 1570 1284 1616 semita
1301 1604 1315 1628 ,

329 1646 405 1693 De
435 1646 615 1691 honore
645 1644 833 1705 populi:
859 1661 1027 1690 verum
1053 1644 1189 1706 quod
1208 1644 1269 1692 ad
1290 1654 1508 1692 ventrem
1526 1644 1612 1691 ad·-

584 1717 706 1762 tinet
726 1750 740 1774 ‚

329 1790 443 1836 Non
473 1779 628 1835 hercle
655 1790 748 1834 hoc
773 1789 944 1852 longe,
976 1788 1063 1833 nisi
1091 1804 1170 1833 me
1199 1788 1369 1853 pugnis
1390 1789 1567 1836 vicerit.

330 1865 493 1911 Coena
515 1863 599 1908 hac
627 1877 815 1908 annona
845 1872 912 1906 est
947 1861 1046 1907 sine
1073 1861 1202 1907 sacris
1233 1861 1478 1908 hereditas.

779 1955 808 1988 P
845 1955 879 1987 H
914 1955 934 1987 1
972 1955 1002 1988 L
1037 1955 1068 1988 T
1107 1954 1157 1987 Ο.

329 2018 526 2079 Semper
553 2029 606 2063 tu
630 2015 921 2072 hoc'facit0‚
953 2013 1219 2061 Lesbonice
1236 2050 1250 2074 ‚
1276 2017 1477 2080 cogites,

329 2092 389 2138 Id
420 2102 680 2153 optumum
713 2107 835 2148 esse,
869 2100 974 2136 tute
1001 2090 1074 2136 uti
1101 2090 1156 2135 sis
1187 2102 1441 2152 optumus:
1529 2150 1533 2154 ι

328 2164 378 2211 Si
402 2164 452 2209 id
479 2180 684 2225 nequeas
703 2198 716 2221 ‚
746 2164 910 2209 saltem
937 2174 992 2208 ut
1021 2164 1229 2225 optumis
1251 2164 1304 2209 sis
1328 2177 1604 2225 proxumus,

330 2237 474 2284 Nunc
515 2237 846 2284 conditionem
879 2237 1031 2294 hanc,
1074 2252 1220 2297 quam
1256 2251 1343 2299 ego
1377 2233 1478 2279 fero
1501 2267 1516 2290 ,
1559 2244 1606 2279 et

591 2329 735 2373 quam
764 2312 842 2358 abs
871 2306 919 2356 te
937 2321 1097 2374 peto,

329 2382 456 2440 Dare
480 2396 624 2445 atque
651 2385 858 2445 accipere
877 2417 892 2440 ‚
917 2381 1204 2438 Lesbonice,
1240 2389 1288 2425 te
1319 2379 1443 2426 volo.
