1630 2866
243 170 336 231 375
642 164 1114 213 STICHUS.
1393 180 1523 230 ψῃ

239 276 463 340 Aperite,
500 284 646 334 atque
682 284 1023 335 approperate,
1055 273 1175 320 fores
1198 273 1335 320 facite
1359 286 1413 321 ut
1442 273 1526 338 pa·-

500 358 661 393 teant.
694 358 937 392 removete
960 363 1153 393 moram.

239 421 390 469 Nimis
413 422 527 467 haec
550 437 618 465 res
642 419 740 464 sine
764 435 874 465 cura
896 420 1083 483 geritux.
1119 419 1230 466 vide
1246 454 1285 478 ,
1279 420 1525 482 quamdu-

495 494 618 542 dum
640 493 717 538 hic
741 503 838 538 asto
864 505 911 539 et
933 493 1102 555 pulto!

242 569 472 617 Somnon’
499 579 694 630 operam
717 566 868 614 datis?
900 568 1134 629 experiar,
1165 567 1285 614 fores
1304 602 1318 625 ‚
1350 584 1411 615 an
1444 584 1527 615 cu⁴

499 643 618 699 biti,
654 659 713 687 an
735 641 879 704 pedes
906 643 1014 704 plus
1036 643 1235 688 valeant.

242 719 393 767 Nimis
411 719 586 768 vellem
605 718 693 767 hae
717 717 837 766 fores
862 718 1037 765 herum.
1055 716 1279 782 fugissent
1295 752 1309 776 ,
1329 733 1382 767 ea
1403 731 1531 766 caus·-

496 809 541 837 sa
564 801 620 841 ut
640 790 872 836 haberent
894 791 1093 841 malmn.=

242 866 463 916 Defessus
484 882 589 912 sum
610 863 865 925 pultando.

244 940 353 986 Hoc
375 949 674 1000 postremum
700 946 767 981 est
790 934 938 981 vobis.

610 1029 642 1061 G
678 1030 707 1062 Ε
744 1029 774 1061 L
812 1029 845 1068 A
884 1030 906 1062 s
946 1029 966 1061 1
1002 1029 1045 1061 M
1081 1028 1116 1061 U
1154 1027 1191 1063 S.

246 1093 336 1139 Ibo
354 1126 367 1148 ,
396 1102 541 1152 atque
564 1091 695 1135 hunc
719 1078 1020 1150 conpellebo«

248 1163 409 1211 Salvos
438 1163 519 1209 sis!

639 1240 679 1277 Ι)
709 1238 730 1270 1
771 1236 806 1269 N
840 1235 876 1269 A
910 1235 937 1268 c
972 1235 994 1268 1
1033 1234 1067 1266 U
1102 1235 1160 1272 Μ,

554 1300 614 1346 Et
645 1310 700 1345 tu
726 1298 862 1343 salve.

611 1385 643 1417 G
673 1385 703 1418 Ε
741 1384 771 1416 L
808 1382 842 1415 A
878 1381 900 1419 S
938 1382 958 1414 1
995 1381 1039 1414 M
1075 1380 1110 1413 U
1146 1380 1184 1417 s..

245 1450 352 1510 Jam
374 1459 430 1495 tu
459 1448 660 1511 piscator
684 1445 832 1491 factus
847 1444 871 1489 Ρ

641 1533 677 1570 D
713 1532 732 1563 I
767 1531 800 1563 N
838 1529 872 1562 A
909 1530 936 1562 C
972 1529 993 1561 1
1031 1527 1066 1561 U
1104 1527 1163 1562 Μ,

254 1591 607 1666 Quampridem
634 1606 736 1637 non
772 1588 947 1635 edisti?

611 1686 643 1719 G
678 1686 708 1719 E
746 1662 849 1719 L'A
888 1684 910 1717 s
948 1685 969 1722 1
1005 1683 1047 1716 M
1085 1682 1120 1715 u
1155 1681 1194 1715 s,

252 1738 395 1796 Und'e
418 1749 454 1794 is
471 1749 493 1794 Ρ
531 1746 653 1808 quid
695 1746 782 1792 fers
799 1745 821 1790 Ρ
861 1743 981 1805 quid
1014 1742 1237 1789 festinas?

645 1841 680 1872 D
718 1840 737 1871 1
773 1840 805 1871 N
843 1838 878 1870 A
915 1838 941 1870 c
978 1838 998 1870 1
1037 1837 1071 1870 U
1107 1838 1166 1874 M.

255 1904 363 1950 Tua
387 1900 524 1964 quod
545 1900 666 1947 nihil
685 1897 828 1945 refert
845 1932 859 1955 ‚
892 1912 954 1943 ne

258 1977 416 2026 Cuxes..

617 2046 1192 2084 GELAs1MUS.

440 2111 578 2186 Quid
600 2110 702 2156 istic
722 2110 841 2155 inest
860 2110 881 2154 P

646 2197 682 2228 D
720 2196 740 2228 1
779 2197 810 2228 N
849 2195 882 2228 A
919 2193 947 2227 C
981 2194 1003 2226 I
1040 2193 1075 2227 U
1111 2192 1168 2226 Μ.

259 2261 390 2330 Quas
413 2268 468 2305 tu
486 2257 618 2306 vides
641 2255 890 2302 colubras?

616 2352 650 2387 G
685 2352 715 2384 E
754 2351 784 2383 L
821 2350 855 2383 A
891 2350 914 2384 S
949 2351 970 2386 I
1007 2349 1050 2382 M
1085 2347 1120 2379 U
1155 2343 1190 2379 S·

257 2414 394 2485 Quid
419 2425 517 2463 tam
545 2411 834 2461 iracundus?
