1630 2866
75 169 171 214 v.4
341 118 651 200 Aca-us
711 155 788 200 11.
840 154 948 202 sc.
1001 156 1101 204 vr.
1271 159 1365 222 259

76 258 158 305 Ad
185 258 277 304 hoc
312 261 589 320 exemplum
619 258 794 304 amittit
828 270 1048 306 ornatum
1083 259 1295 306 domum.

77 335 299 397 Edepol,
334 335 544 381 Libertas
564 370 578 391 ‚
621 335 778 395 lepida
818 351 863 380 es
882 370 897 393 ,
938 352 1061 397 quae
1093 352 1361 398 numquam

74 478 278 525 Voluisti
303 407 559 524 ἱξεῐῗξζὲτη
581 494 695 524 cum
723 478 927 525 Hercule
957 495 1051 526 una
1079 481 1318 542 inponere.

71 550 167 597 Sed
196 552 282 598 ubi
307 553 386 597 ille
411 567 545 596 meus
574 563 642 596 est
674 551 867 612 hospes,
895 553 980 612 qui
1007 569 1087 598 me
1111 553 1358 614 perdidit?

63 622 235 683 Atque
263 639 431 669 eccum
457 622 660 668 incedit!

425 708 453 740 C
488 707 523 739 Η
559 707 593 739 A
634 708 668 740 R
704 705 746 737 M
782 706 804 739 1
838 707 875 739 D
908 705 940 738 E
975 705 1012 738 S.

461 769 604 835 QuO,
631 767 811 813 malum
828 801 843 823 ,
867 783 1114 828 properas,
1138 768 1353 818 Labrax?

72 837 197 884 Nam
218 839 446 899 equidem
474 853 522 884 te
550 854 742 899 nequeo
766 838 996 899 consequi
1022 850 1119 885 tam
1146 853 1350 890 strenue.

518 923 548 955 L
586 922 622 954 A
657 923 686 954 B
724 922 758 955 R
794 921 829 954 A
867 921 917 954 X.

68 983 259 1029 Utinam
292 997 338 1028 te
364 983 492 1044 prius
515 999 661 1042 quam
694 982 839 1028 oculis
865 982 1083 1031 vidissem
1107 987 1251 1045 meis,

64 1054 194 1100 Malo
221 1056 432 1100 cruciatu
459 1049 508 1098 in
541 1052 745 1099 Siciliam
774 1054 1057 1114 perbiteres;

64 1127 227 1196 Quem
259 1138 456 1188 propter
487 1126 580 1171 hoc
609 1125 727 1172 mihi
762 1126 930 1190 obtigit
959 1127 1126 1174 misero
1151 1133 1288 1179 mali!

421 1222 449 1254 C
486 1222 520 1255 H
555 1221 591 1255 A
626 1223 660 1255 R
696 1221 738 1253 M
774 1222 795 1254 Ι
831 1223 867 1255 D
899 1223 931 1255 E
967 1223 1005 1256 S.

62 1279 254 1327 Utinam
268 1317 282 1338 ‚
301 1297 454 1342 quom
481 1281 532 1326 in
550 1281 673 1326 aedis
690 1298 768 1326 me
795 1281 856 1326 ad
880 1293 928 1327 te
946 1283 1185 1331 adduxisti
1207 1298 1308 1334 tuas
1323 1322 1340 1347 ,

60 1353 120 1398 In
145 1369 322 1398 carcere
355 1353 438 1397 illo
471 1352 631 1412 potius
666 1353 932 1398 cubuissem
959 1354 1065 1402 die!

61 1421 289 1484 Deosque
323 1425 593 1469 inmortales
621 1440 795 1484 quaeso
811 1459 826 1480 ‚
860 1424 980 1470 dum
1009 1428 1134 1474 vivas
1152 1463 1166 1485 ,
1189 1425 1265 1476 ‘uti

60 1496 243 1541 Omnes
266 1497 337 1541 tui
363 1496 533 1540 similes
570 1495 775 1556 hospites
800 1495 969 1542 habeas
999 1498 1100 1544 tibi.

52 1558 57 1562 ’
407 1616 410 1619 ,
502 1580 534 1613 L
570 1580 606 1612 A
649 1580 676 1611 B
714 1581 747 1613 R
784 1580 818 1612 A
854 1581 902 1613 x.

57 1638 232 1684 Malam
256 1638 514 1683 Fortunam
547 1637 598 1682 in
630 1637 757 1683 aedis
785 1648 835 1682 te
865 1637 1048 1683 adduxi
1076 1655 1211 1685 meas.

60 1710 197 1778 Quid
225 1711 344 1755 mihi
374 1712 565 1757 scelesto
598 1711 686 1756 tibi
714 1722 810 1756 erat
842 1711 1154 1757 auscultatio?

61 1782 260 1850 Quidve
280 1783 391 1829 hinc
410 1784 554 1830 abitio
566 1785 588 1830 ?
610 1784 790 1844 quidve
809 1785 859 1830 in
883 1801 1054 1831 navem
1072 1785 1295 1834 inscensio
1310 1790 1333 1835 ?

57 1854 152 1900 Ubi
180 1855 539 1915 perdid'netiam
564 1858 671 1918 plus
705 1858 823 1903 boni
852 1875 998 1919 quarn
1023 1859 1141 1904 mihi
1162 1859 1266 1907 fuit.

356 1955 361 1959 ·
409 1940 439 1972 c
474 1940 509 1972 Η
542 1941 579 1973 A
614 1943 649 1975 R
683 1942 728 1975 M
761 1943 783 1974 1
819 1943 855 1975 D
895 1943 926 1975 Ε
962 1943 999 1976 s.

52 1998 141 2044 Pol
165 1999 380 2044 minume
403 2000 578 2055 miror,
607 2001 736 2047 navis
764 2002 801 2046 si
825 2002 969 2048 fracta
997 2003 1052 2048 ’st
1080 2003 1196 2061 tibi,

52 2067 212 2115 Scelus
243 2081 292 2114 te
309 2104 323 2126 ‚
355 2082 403 2115 et
430 2071 616 2116 sceleste
647 2085 780 2132 parta
808 2090 929 2133 quae
962 2075 1095 2122 vexit
1125 2076 1263 2124 bona.

499 2154 530 2186 1.
568 2154 602 2186 A
637 2154 665 2186 Β
701 2156 734 2187 R
769 2156 803 2187 A
841 2158 891 2189 x.

52 2215 245 2261 Pessum
278 2214 448 2260 dedisti
484 2231 563 2259 me
595 2214 927 2260 blandimentis
952 2218 1053 2261 tuis.

407 2299 434 2331 C
470 2299 506 2331 H
541 2298 575 2331 A
611 2300 645 2332 R.
675 2299 717 2331 Μ
751 2299 771 2330 1
808 2300 843 2331 D
878 2301 910 2332 E
949 2299 987 2332 S.

50 2359 374 2408 Scelestiorem
406 2376 604 2406 coenam
635 2359 828 2407 coenavi
866 2371 1023 2418 tuam,
