1630 2866
215 195 309 243 194
538 170 1185 222 PSEUDOLUS.
1378 173 1508 222 v.88

209 286 305 334 Sed
337 295 499 332 utrum
525 282 690 333 ‚amicis
716 280 860 327 hodie
877 316 890 339 ,
927 282 1215 330 an‘inimicis
1245 282 1338 329 tuis

210 359 418 407 Daturus
445 347 682 412 coenam?

667 441 696 474 B
734 441 768 474 A
803 439 834 473 I..
870 438 901 471 L
939 438 960 472 I
996 438 1043 473 Ο.

690 495 779 548 Pol
814 516 902 565 ego
937 499 1126 558 amicis,
1155 499 1343 547 scilicet.

671 595 698 628 c
735 594 768 629 o
807 595 843 644 Q
878 594 913 627 u
950 593 986 627 u
1022 593 1058 628 s.

211 659 351 728 Quin
368 667 423 703 tu
442 657 524 702 illo
545 655 761 702 inimicos
779 654 940 716 potius
954 689 966 711 ‚
986 669 1135 715 quam
1153 651 1327 719 amicos
1344 668 1501 700 vocas:

212 731 337 777 Nam
362 745 450 793 ego
479 730 545 774 ita
575 727 786 774 convivis
813 743 1015 773 coenam
1045 725 1290 773 conditam
1314 725 1442 772 da‘bo

214 803 406 860 Hodie,
435 814 580 865 atque
609 802 674 847 ita
701 801 833 847 suavi
862 800 1090 849 suavitate
1122 798 1377 860 condiam‚

218 878 286 924 Ut
317 877 521 938 quisque
549 875 769 937 quidque
795 874 1053 922 conditum
1081 873 1358 939 gustaverit,

221 951 352 1012 Ipsos
381 949 467 996 sibi
494 946 661 994 faciam
691 952 755 993 ut'
774 947 947 1012 digitos
973 945 1222 1009 praerodat
1250 961 1370 992 suos.

673 1040 701 1072 Β
741 1040 775 1073 Α
809 1041 840 1073 1.
877 1042 906 1073 L
944 1040 964 1073 1
1004 1036 1054 1074 ο.

214 1103 406 1171 Quaeso
420 1102 577 1146 hercle
602 1101 880 1162 priusquam
899 1102 1169 1163 quidquam
1188 1101 1400 1149 convivis
1419 1100 1504 1148 da·-

469 1174 568 1232 bis,

218 1250 417 1295 Gustato
440 1258 546 1294 tute
578 1247 707 1308 prius
726 1281 740 1304 ‚
767 1258 815 1293 et
845 1246 1083 1309 discipulis
1110 1246 1253 1305 dato,

220 1311 287 1368 Ut
318 1320 606 1384 praerodatis
639 1330 816 1367 vostras
849 1319 1076 1368 furtificas
1105 1337 1283 1367 manus.

681 1411 708 1442 c
750 1410 782 1443 o
823 1410 859 1460 Q
894 1410 930 1442 U
966 1411 1003 1444 U
1038 1410 1077 1444 s.

217 1473 423 1520 Fortasse
457 1472 572 1517 haec
603 1482 660 1517 tu
688 1486 816 1517 nunc
836 1470 956 1516 mihi
982 1486 1082 1517 non
1109 1469 1269 1517 ‘credas
1286 1486 1408 1533 quae
1434 1470 1505 1516 lo—

471 1563 612 1608 quor.
860 1605 863 1610 (

674 1623 703 1656 B
740 1623 773 1656 A
817 1623 846 1656 L
883 1623 912 1656 L
949 1623 970 1655 1
1007 1623 1054 1656 Ο.

218 1687 448 1733 Molestus
475 1702 539 1732 ne
557 1686 612 1732 sis
627 1721 639 1744 ‚
664 1685 876 1731 nimium
893 1685 994 1749 jam
1024 1683 1191 1740 tinnis,
1216 1698 1318 1729 non
1341 1683 1508 1744 places.

219 1760 375 1806 Hem!
402 1762 497 1807 illie
522 1777 610 1826 ego
628 1760 809 1806 habito·
837 1759 965 1806 intro
990 1758 1087 1806 huc
1106 1756 1212 1816 abi,
1234 1767 1282 1804 et
1304 1772 1505 1806 coenam

471 1851 631 1897 coque

219 1900 439 1962 Propere.
463 1941 470 1946 .
976 1937 980 1939 μ

677 1976 705 2009 c
746 1975 779 2008 o
817 1975 855 2025 Q
889 1974 926 2007 U
965 1974 1002 2008 U
1036 1974 1072 2009 s.
1250 2015 1254 2018 .

453 2038 590 2108 Quin
620 2038 656 2082 is
682 2036 986 2095 accubitum,
1015 2047 1063 2084 et
1088 2036 1308 2085 convivas
1340 2034 1475 2083 cedo.

220 2109 567 2173 Conmmpitur
589 2112 690 2175 jam
718 2126 882 2157 coena.
1419 2105 1423 2109 ’
1498 2108 1508 2120 ““

666 2206 695 2239 Β
732 2207 768 2239 A
802 2207 833 2240 1.
868 2207 898 2239 1,
935 2206 956 2238 1
995 2205 1045 2238 o.
1414 2229 1419 2233 .

853 2263 1006 2312 Hem!
1034 2262 1252 2310 subolem
1280 2259 1337 2304 sis
1366 2257 1504 2304 vide!

214 2338 323 2397 Jam
353 2340 430 2387 hic
464 2357 667 2402 quoque
686 2342 932 2399 scelestus,
965 2351 1034 2386 est
1057 2337 1200 2398 coqui
1220 2331 1470 2395 sublingio.

221 2411 443 2461 Profecto
456 2449 471 2474 ,
493 2415 613 2476 quid
641 2430 772 2462 nunc
788 2414 1002 2476 primum
1019 2423 1233 2467 caveam,
1255 2405 1437 2463 nescio,
