1630 2866
90 215 223 252 mna
388 196 679 247 ACTUS
729 196 826 244 1V.
877 197 981 245 SC.
1033 197 1110 245 11.
1282 214 1370 264 203

553 321 582 354 Β
618 322 654 353 A
690 320 721 353 1.
755 319 787 353 1.
821 319 843 353 1
881 318 930 353 o.

1059 370 1229 420 Scivin’
1249 390 1337 438 ego
1350 374 1376 422 ἱ)

94 446 199 509 Ipse
218 460 306 511 ego
322 444 359 492 is
383 462 489 492 sum
502 479 516 503 ,
531 444 819 501 adulescenS,
838 459 986 505 quem
1008 454 1063 492 tu
1084 446 1326 506 quaeritas,

583 537 606 571 s
642 537 662 570 1
699 539 742 571 M
777 537 800 570 1
834 535 886 570 A.

955 589 1376 638 TuneesBallio?

545 668 574 700 Β
612 667 647 701 A
680 667 780 702 1.·1.
813 668 835 701 1
870 667 919 702 o.

94 728 196 793 Ego
221 728 465 774 enimvero
492 727 527 773 is
550 744 667 773 sum.

579 812 602 846 s
638 813 658 846 1
695 813 738 846 Μ
773 813 795 845 1
830 812 882 846 A.

465 872 531 920 Ut
548 873 740 919 vestitus
764 883 832 918 est
853 870 1087 934 perfossor
1111 871 1375 933 parietum!

555 963 585 996 Β
622 963 657 997 A
694 963 725 996 1.
760 963 792 996 L
827 962 849 995 1
885 963 933 996 o.

95 1019 281 1080 Credo,
309 1022 360 1068 in
387 1022 593 1069 tenebris
624 1021 919 1082 conspicatus
948 1021 985 1067 si
1009 1021 1067 1067 sis
1091 1037 1171 1067 me
1187 1055 1202 1079 ,
1231 1021 1375 1068 absti-

345 1112 454 1142 neas
487 1111 698 1142 manum.

583 1179 606 1214 s
640 1181 662 1213 1
696 1181 740 1214 M
774 1180 795 1213 1
831 1179 880 1213 A.

95 1238 255 1286 Herus
280 1255 414 1286 meus
438 1240 529 1286 tibi
558 1255 638 1289 me
659 1241 859 1287 salutem
882 1240 1087 1287 multam
1114 1239 1271 1287 voluit
1299 1238 1375 1284 di·-

95 1371 99 1374 ι
344 1328 464 1358 cere.

95 1383 231 1432 Hanc
259 1386 506 1448 epistolam
534 1387 692 1449 accipe
723 1404 749 1434 a
776 1403 856 1433 me
872 1422 886 1445 ,
913 1386 1035 1433 hanc
1057 1403 1136 1433 me
1162 1385 1250 1433 tibi
1272 1386 1374 1451 jus-

122 1464 171 1510 χ*
353 1459 413 1517 sit
441 1459 564 1505 dare.

546 1543 574 1575 Β
611 1542 647 1576 A
684 1544 715 1577 1.
750 1544 780 1577 L
815 1544 837 1576 1
873 1543 922 1576 o.

98 1601 220 1670 Quis
247 1601 285 1648 is
302 1603 452 1649 homo
472 1603 527 1649 ’st
542 1637 556 1661 ‚
585 1604 671 1664 qui
685 1603 857 1668 jussit?

450 1695 480 1727 P
516 1695 540 1729 s
576 1696 607 1728 E
645 1695 681 1729 U
717 1697 753 1730 D
792 1696 826 1729 o
862 1695 893 1729 L
930 1696 966 1730 U
1001 1694 1039 1729 s.

394 1757 543 1816 Perii,
574 1774 703 1805 nunc
725 1758 874 1804 homo
898 1757 949 1803 in
966 1756 1127 1804 medio
1148 1758 1253 1803 luto
1278 1767 1345 1803 est
1359 1791 1373 1814 ‚

97 1827 289 1877 Nomen
318 1832 478 1879 nescit.
504 1833 666 1878 haeret
695 1831 813 1878 haec
840 1847 922 1878 res.

546 1919 575 1951 B
611 1919 647 1952 A
681 1918 713 1952 L
747 1918 779 1951 L
816 1919 838 1951 1
877 1917 927 1950 O.
993 1947 996 1948 ⁷

388 1975 551 2045 Quem
576 1977 697 2023 hanc
725 1977 897 2024 misisse
929 1976 991 2023 ad
1015 1992 1095 2023 me
1125 1974 1373 2022 autumas?

580 2070 604 2105 S
639 2072 660 2104 1
695 2071 739 2104 M
774 2072 795 2105 1
830 2072 881 2105 A.

100 2125 250 2174 Nosce
290 2129 572 2192 imaginem:
621 2141 726 2177 tute
762 2132 860 2195 ejus
891 2147 1071 2179 nomen
1109 2140 1373 2177 memorato

350 2202 498 2260 mihi,

101 2273 169 2323 Ut
194 2277 333 2324 sciam
362 2288 410 2323 te
434 2276 696 2323 Ballionem
721 2292 813 2323 esse
834 2277 1001 2338 ipsum.

549 2369 578 2402 Β
613 2368 649 2402 A
684 2369 716 2402 1.
751 2369 782 2401 Ι,
818 2369 839 2401 1
874 2369 922 2401 o.

809 2428 943 2476 Cedo
968 2429 1083 2476 mihi
1115 2430 1371 2492 epistolam.
