1630 2866
166 184 321 230 §.112
453 179 556 227 IN
619 179 1216 229 POENULUM.
1406 196 1444 244 9

165 291 229 339 Et
255 291 291 338 is
319 291 473 338 omnis
507 292 687 357 linguas
718 294 826 339 scit:
860 292 942 338 sed
974 291 1231 338 dissimulat
1264 291 1409 337 sciens

165 362 228 410 Se
254 364 378 411 scire.
399 365 586 411 Poenus
604 367 744 427 plane
762 377 850 412 est:
879 366 1000 428 quid
1017 365 1172 413 verbis
1191 382 1291 427 opu
1310 364 1395 411 'sti‘

165 436 210 482 Is
234 437 336 484 heri
359 439 456 484 huc
478 439 529 484 in
560 450 757 500 portum
778 439 887 485 navi
912 439 1047 486 venit
1072 455 1277 500 vespere.

165 509 300 556 Pater
316 510 493 556 harunc
511 511 642 557 idem
656 512 768 559 huic
783 523 977 574 patruus
990 512 1345 558 adulescentulo
1361 520 1440 556 est.

159 581 330 641 Jamne
357 585 449 631 hoc
482 586 683 631 tenetis?
710 586 747 631 si
779 586 948 632 tenetis
966 621 980 643 ‚
1014 585 1186 632 ducite.

167 655 293 703 Cave
328 657 632 720 dirumpatis:
671 675 873 720 quaeso,
908 660 1043 706 sinite
1078 658 1280 723 transigi.

166 727 345 774 Ehem!
375 746 528 790 paene
563 731 738 778 oblitus
775 748 880 777 sum
911 733 1151 793 reliquom
1180 732 1350 777 dicere.

166 799 254 845 Ille
284 801 367 860 qui
401 801 643 863 adoptavit
664 803 792 849 hunc
819 820 910 865 pro
936 803 1034 849 filio
1063 803 1149 849 sibi
1163 837 1177 860 ,

165 872 209 918 Is
236 873 305 919 illi
329 873 492 920 Poeno
524 875 719 938 hujusce
739 887 911 938 patruo
945 878 1112 938 hospes
1144 876 1248 922 fuit.

164 944 210 990 Is
235 945 383 991 hodie
411 945 506 991 huc
531 946 721 1004 veniet,
753 947 1056 1008 reperietque
1083 948 1159 993 hic
1186 948 1296 992 filias
1311 965 1323 997 ;

164 1018 228 1065 Et
246 1018 376 1064 hunc
399 1019 469 1064 sui
494 1018 640 1064 fratris
660 1019 840 1076 filiurn,
862 1031 918 1065 ut
944 1020 1147 1081 quidem
1166 1019 1309 1064 didici
1336 1035 1438 1083 ego.

162 1091 267 1154 Ego
294 1091 405 1149 ibo,
433 1092 663 1139 omabor:
694 1110 779 1139 vos
813 1109 968 1154 aequo
997 1093 1157 1138 animo
1182 1092 1375 1138 noscite.

164 1165 259 1211 Hic
288 1166 372 1226 qui
394 1166 538 1213 hodie
564 1167 750 1224 veniet,
783 1168 987 1229 reperiet
1014 1184 1113 1213 suas
1142 1167 1254 1212 filias
1270 1201 1286 1223 ,

164 1235 229 1283 Et
259 1236 390 1282 hunc
421 1238 492 1282 sui
523 1236 674 1283 fratris
710 1237 878 1284 filium.
915 1237 1088 1285 dehinc
1119 1250 1331 1285 ceterum

163 1306 331 1355 Valete
348 1343 363 1367 ,
392 1309 562 1355 adeste.
590 1309 702 1355 ibo:
733 1310 848 1356 alius
883 1327 1014 1357 nunc
1049 1311 1152 1356 fieri
1178 1312 1308 1361 volo.

168 1381 324 1449 Quod
351 1393 490 1428 restat
507 1416 522 1440 ,
556 1394 731 1429 restant
757 1384 865 1441 alii,
889 1386 973 1445 qui
1007 1383 1179 1431 faciant
1201 1385 1371 1446 palam.

107 1502 114 1507 ,
165 1452 358 1513 ¹Valete,
392 1465 536 1516 atque
565 1454 813 1520 adjuvate,
844 1467 901 1503 ut
932 1473 1017 1504 vos
1046 1468 1196 1504 servet
1221 1456 1364 1504 Salus.
