<?xml version="1.0" encoding="UTF-8"?>
<!DOCTYPE html PUBLIC "-//W3C//DTD XHTML 1.0 Transitional//EN"
    "http://www.w3.org/TR/xhtml1/DTD/xhtml1-transitional.dtd">
<html xmlns="http://www.w3.org/1999/xhtml" xml:lang="en" lang="en">
 <head>
  <title>
</title>
<meta http-equiv="Content-Type" content="text/html;charset=utf-8" />
  <meta name='ocr-system' content='tesseract 3.04.00' />
  <meta name='ocr-capabilities' content='ocr_page ocr_carea ocr_par ocr_line ocrx_word'/>
</head>
<body>
  <div class='ocr_page' id='page_1' title='image "./comoediaesuperst03plauuoft_0072.png"; bbox 0 0 1630 2866; ppageno 0'>
   <div class='ocr_carea' id='block_1_1' title="bbox 248 170 1531 239">
    <p class='ocr_par' dir='ltr' id='par_1_1' title="bbox 248 170 1531 239">
     <span class='ocr_line' id='line_1_1' title="bbox 248 170 1531 239; baseline -0.004 -14"><span class='ocrx_word' id='word_1_1' title='bbox 248 174 312 225; x_wconf 72' lang='lat'><strong>56</strong></span> <span class='ocrx_word' id='word_1_2' title='bbox 584 170 1175 222; x_wconf 72' lang='lat' dir='ltr'><strong>POENULUs.</strong></span> <span class='ocrx_word' id='word_1_3' title='bbox 1322 182 1328 193; x_wconf 84' lang='lat'><strong>·</strong></span> <span class='ocrx_word' id='word_1_4' title='bbox 1435 193 1531 239; x_wconf 75' lang='lat' dir='ltr'><strong>v4</strong></span> 
     </span>
    </p>
   </div>
   <div class='ocr_carea' id='block_1_2' title="bbox 248 284 1533 551">
    <p class='ocr_par' dir='ltr' id='par_1_2' title="bbox 248 284 1533 416">
     <span class='ocr_line' id='line_1_2' title="bbox 248 284 1533 355; baseline 0.006 -25"><span class='ocrx_word' id='word_1_5' title='bbox 248 287 412 355; x_wconf 72' lang='lat' dir='ltr'><strong>Quam</strong></span> <span class='ocrx_word' id='word_1_6' title='bbox 440 284 579 330; x_wconf 81' lang='lat' dir='ltr'><strong>herus</strong></span> <span class='ocrx_word' id='word_1_7' title='bbox 614 299 750 329; x_wconf 88' lang='lat' dir='ltr'><strong>meus</strong></span> <span class='ocrx_word' id='word_1_8' title='bbox 783 293 876 329; x_wconf 87' lang='lat' dir='ltr'><strong>est:</strong></span> <span class='ocrx_word' id='word_1_9' title='bbox 890 300 1075 348; x_wconf 89' lang='lat' dir='ltr'><strong>neque</strong></span> <span class='ocrx_word' id='word_1_10' title='bbox 1099 295 1198 333; x_wconf 86' lang='lat' dir='ltr'><strong>tam</strong></span> <span class='ocrx_word' id='word_1_11' title='bbox 1225 287 1409 349; x_wconf 84' lang='lat' dir='ltr'><strong>luteus,</strong></span> <span class='ocrx_word' id='word_1_12' title='bbox 1444 307 1533 338; x_wconf 77' lang='lat' dir='ltr'><strong>ne-</strong></span> 
     </span>
     <span class='ocr_line' id='line_1_3' title="bbox 499 358 1154 416; baseline 0.003 -15"><span class='ocrx_word' id='word_1_13' title='bbox 499 371 598 416; x_wconf 90' lang='lat' dir='ltr'><strong>que</strong></span> <span class='ocrx_word' id='word_1_14' title='bbox 623 365 721 408; x_wconf 79' lang='lat' dir='ltr'><strong>tam</strong></span> <span class='ocrx_word' id='word_1_15' title='bbox 753 359 907 401; x_wconf 70' lang='lat' dir='ltr'><strong>coen&#39;c‘)</strong></span> <span class='ocrx_word' id='word_1_16' title='bbox 936 358 1154 408; x_wconf 71' lang='grc' dir='ltr'><strong>εὸῐιῙίίιιε.</strong></span> 
     </span>
    </p>

    <p class='ocr_par' dir='ltr' id='par_1_3' title="bbox 250 430 1530 551">
     <span class='ocr_line' id='line_1_4' title="bbox 250 430 1530 500; baseline 0.005 -21"><span class='ocrx_word' id='word_1_17' title='bbox 250 433 322 479; x_wconf 87' lang='lat' dir='ltr'><strong>Ita</strong></span> <span class='ocrx_word' id='word_1_18' title='bbox 342 447 422 476; x_wconf 90' lang='lat' dir='ltr'><strong>me</strong></span> <span class='ocrx_word' id='word_1_19' title='bbox 443 430 525 476; x_wconf 93' lang='lat' dir='ltr'><strong>Dii</strong></span> <span class='ocrx_word' id='word_1_20' title='bbox 547 430 732 475; x_wconf 84' lang='lat' dir='ltr'><strong>ament!</strong></span> <span class='ocrx_word' id='word_1_21' title='bbox 761 431 871 476; x_wconf 92' lang='lat' dir='ltr'><strong>vel</strong></span> <span class='ocrx_word' id='word_1_22' title='bbox 860 447 910 476; x_wconf 93' lang='lat' dir='ltr'><strong>1n</strong></span> <span class='ocrx_word' id='word_1_23' title='bbox 935 433 1175 480; x_wconf 87' lang='lat' dir='ltr'><strong>lautumiis</strong></span> <span class='ocrx_word' id='word_1_24' title='bbox 1193 437 1310 482; x_wconf 90' lang='lat' dir='ltr'><strong>vel</strong></span> <span class='ocrx_word' id='word_1_25' title='bbox 1298 453 1349 483; x_wconf 87' lang='lat' dir='ltr'><strong>m</strong></span> <span class='ocrx_word' id='word_1_26' title='bbox 1372 438 1530 500; x_wconf 76' lang='lat' dir='ltr'>pistri-</span> 
     </span>
     <span class='ocr_line' id='line_1_5' title="bbox 500 505 820 551; baseline 0 0"><span class='ocrx_word' id='word_1_27' title='bbox 500 521 564 551; x_wconf 88' lang='lat' dir='ltr'><strong>no</strong></span> <span class='ocrx_word' id='word_1_28' title='bbox 597 505 820 551; x_wconf 84' lang='lat' dir='ltr'>mavelim</span> 
     </span>
    </p>
   </div>
   <div class='ocr_carea' id='block_1_3' title="bbox 234 578 1533 1935">
    <p class='ocr_par' dir='ltr' id='par_1_4' title="bbox 249 578 1533 706">
     <span class='ocr_line' id='line_1_6' title="bbox 249 578 1533 643; baseline 0.006 -16"><span class='ocrx_word' id='word_1_29' title='bbox 249 579 399 643; x_wconf 83' lang='lat' dir='ltr'>Agere</span> <span class='ocrx_word' id='word_1_30' title='bbox 443 588 644 624; x_wconf 85' lang='lat' dir='ltr'><strong>aetatem</strong></span> <span class='ocrx_word' id='word_1_31' title='bbox 664 612 678 636; x_wconf 85' lang='lat'><strong>,</strong></span> <span class='ocrx_word' id='word_1_32' title='bbox 725 578 1026 641; x_wconf 82' lang='lat' dir='ltr'><strong>praepeditus</strong></span> <span class='ocrx_word' id='word_1_33' title='bbox 1067 582 1208 628; x_wconf 86' lang='lat' dir='ltr'><strong>latera</strong></span> <span class='ocrx_word' id='word_1_34' title='bbox 1254 584 1366 631; x_wconf 88' lang='lat' dir='ltr'>forti</span> <span class='ocrx_word' id='word_1_35' title='bbox 1409 586 1533 635; x_wconf 85' lang='lat' dir='ltr'><strong>ferro</strong></span> 
     </span>
     <span class='ocr_line' id='line_1_7' title="bbox 500 666 639 706; baseline 0 -12"><span class='ocrx_word' id='word_1_36' title='bbox 500 666 605 694; x_wconf 86' lang='lat' dir='ltr'><strong>mea</strong></span> <span class='ocrx_word' id='word_1_37' title='bbox 625 684 639 706; x_wconf 85' lang='lat'>‚</span> 
     </span>
    </p>

    <p class='ocr_par' dir='ltr' id='par_1_5' title="bbox 241 723 1531 862">
     <span class='ocr_line' id='line_1_8' title="bbox 241 723 1531 796; baseline 0.006 -26.038"><span class='ocrx_word' id='word_1_38' title='bbox 241 727 412 796; x_wconf 69' lang='lat' dir='ltr'><strong>Quam</strong></span> <span class='ocrx_word' id='word_1_39' title='bbox 451 723 579 784; x_wconf 83' lang='lat' dir='ltr'><strong>apud</strong></span> <span class='ocrx_word' id='word_1_40' title='bbox 614 724 842 770; x_wconf 90' lang='lat' dir='ltr'><strong>lenonem</strong></span> <span class='ocrx_word' id='word_1_41' title='bbox 882 724 1012 772; x_wconf 91' lang='lat' dir='ltr'><strong>hunc</strong></span> <span class='ocrx_word' id='word_1_42' title='bbox 1057 728 1332 776; x_wconf 86' lang='lat' dir='ltr'><strong>servitutem</strong></span> <span class='ocrx_word' id='word_1_43' title='bbox 1363 732 1531 778; x_wconf 84' lang='lat' dir='ltr'><strong>colere.</strong></span> 
     </span>
     <span class='ocr_line' id='line_1_9' title="bbox 502 795 1076 862; baseline 0.007 -21"><span class='ocrx_word' id='word_1_44' title='bbox 502 795 623 857; x_wconf 91' lang='lat' dir='ltr'><strong>quid</strong></span> <span class='ocrx_word' id='word_1_45' title='bbox 655 797 767 842; x_wconf 90' lang='lat' dir='ltr'>illuc</span> <span class='ocrx_word' id='word_1_46' title='bbox 799 809 866 843; x_wconf 90' lang='lat' dir='ltr'><strong>est</strong></span> <span class='ocrx_word' id='word_1_47' title='bbox 899 799 1076 862; x_wconf 86' lang='lat' dir='ltr'><strong>genus!</strong></span> 
     </span>
    </p>

    <p class='ocr_par' dir='ltr' id='par_1_6' title="bbox 243 869 1529 989">
     <span class='ocr_line' id='line_1_10' title="bbox 243 869 1529 940; baseline 0.005 -24"><span class='ocrx_word' id='word_1_48' title='bbox 243 871 382 940; x_wconf 74' lang='lat' dir='ltr'><strong>Quae</strong></span> <span class='ocrx_word' id='word_1_49' title='bbox 404 869 498 916; x_wconf 84' lang='lat' dir='ltr'><strong>inic</strong></span> <span class='ocrx_word' id='word_1_50' title='bbox 519 869 778 916; x_wconf 90' lang='lat' dir='ltr'><strong>hominum</strong></span> <span class='ocrx_word' id='word_1_51' title='bbox 803 871 1113 933; x_wconf 85' lang='lat' dir='ltr'><strong>conruptelae</strong></span> <span class='ocrx_word' id='word_1_52' title='bbox 1146 871 1296 920; x_wconf 89' lang='lat' dir='ltr'>fiunt!</span> <span class='ocrx_word' id='word_1_53' title='bbox 1332 873 1415 922; x_wconf 90' lang='lat' dir='ltr'><strong>Dii</strong></span> <span class='ocrx_word' id='word_1_54' title='bbox 1442 892 1529 924; x_wconf 88' lang='lat' dir='ltr'><strong>vo-</strong></span> 
     </span>
     <span class='ocr_line' id='line_1_11' title="bbox 499 943 843 989; baseline 0 -1"><span class='ocrx_word' id='word_1_55' title='bbox 499 954 641 989; x_wconf 83' lang='lat' dir='ltr'>stram</span> <span class='ocrx_word' id='word_1_56' title='bbox 670 943 843 988; x_wconf 89' lang='lat' dir='ltr'><strong>fidem!</strong></span> 
     </span>
    </p>

    <p class='ocr_par' dir='ltr' id='par_1_7' title="bbox 242 1016 1521 1136">
     <span class='ocr_line' id='line_1_12' title="bbox 242 1016 1521 1086; baseline 0.005 -23"><span class='ocrx_word' id='word_1_57' title='bbox 242 1016 463 1086; x_wconf 72' lang='lat' dir='ltr'><strong>Quodvis</strong></span> <span class='ocrx_word' id='word_1_58' title='bbox 484 1031 631 1079; x_wconf 88' lang='lat' dir='ltr'><strong>genus</strong></span> <span class='ocrx_word' id='word_1_59' title='bbox 654 1016 722 1061; x_wconf 91' lang='lat' dir='ltr'><strong>ibi</strong></span> <span class='ocrx_word' id='word_1_60' title='bbox 740 1017 995 1063; x_wconf 90' lang='lat' dir='ltr'><strong>hominum</strong></span> <span class='ocrx_word' id='word_1_61' title='bbox 1011 1018 1199 1078; x_wconf 86' lang='lat' dir='ltr'><strong>videas,</strong></span> <span class='ocrx_word' id='word_1_62' title='bbox 1220 1022 1350 1081; x_wconf 82' lang='lat' dir='ltr'>quasi</span> <span class='ocrx_word' id='word_1_63' title='bbox 1364 1021 1521 1070; x_wconf 82' lang='lat' dir='ltr'><strong>Ache·</strong></span> 
     </span>
     <span class='ocr_line' id='line_1_13' title="bbox 502 1097 918 1136; baseline 0.002 -4"><span class='ocrx_word' id='word_1_64' title='bbox 502 1097 694 1132; x_wconf 81' lang='lat' dir='ltr'><strong>runtem</strong></span> <span class='ocrx_word' id='word_1_65' title='bbox 725 1104 918 1136; x_wconf 85' lang='lat' dir='ltr'><strong>venens.</strong></span> 
     </span>
    </p>

    <p class='ocr_par' dir='ltr' id='par_1_8' title="bbox 238 1159 1527 1290">
     <span class='ocr_line' id='line_1_14' title="bbox 238 1159 1527 1231; baseline 0.005 -25"><span class='ocrx_word' id='word_1_66' title='bbox 238 1161 500 1222; x_wconf 84' lang='lat' dir='ltr'><strong>Equitem,</strong></span> <span class='ocrx_word' id='word_1_67' title='bbox 527 1159 742 1221; x_wconf 83' lang='lat' dir='ltr'><strong>peditem</strong></span> <span class='ocrx_word' id='word_1_68' title='bbox 760 1195 773 1217; x_wconf 82' lang='lat'>‚</span> <span class='ocrx_word' id='word_1_69' title='bbox 803 1160 1110 1220; x_wconf 83' lang='lat' dir='ltr'><strong>libertinum,</strong></span> <span class='ocrx_word' id='word_1_70' title='bbox 1143 1162 1302 1210; x_wconf 88' lang='lat' dir='ltr'><strong>furem</strong></span> <span class='ocrx_word' id='word_1_71' title='bbox 1329 1181 1382 1211; x_wconf 90' lang='lat' dir='ltr'><strong>ac</strong></span> <span class='ocrx_word' id='word_1_72' title='bbox 1402 1166 1527 1231; x_wconf 87' lang='lat' dir='ltr'><strong>fugi-</strong></span> 
     </span>
     <span class='ocr_line' id='line_1_15' title="bbox 496 1233 821 1290; baseline 0 -12"><span class='ocrx_word' id='word_1_73' title='bbox 496 1235 650 1279; x_wconf 87' lang='lat' dir='ltr'><strong>tivom</strong></span> <span class='ocrx_word' id='word_1_74' title='bbox 677 1233 790 1278; x_wconf 88' lang='lat' dir='ltr'><strong>velis</strong></span> <span class='ocrx_word' id='word_1_75' title='bbox 807 1267 821 1290; x_wconf 86' lang='lat'>,</span> 
     </span>
    </p>

    <p class='ocr_par' dir='ltr' id='par_1_9' title="bbox 244 1305 1526 1436">
     <span class='ocr_line' id='line_1_16' title="bbox 244 1305 1526 1368; baseline 0 -14"><span class='ocrx_word' id='word_1_76' title='bbox 244 1306 575 1364; x_wconf 78' lang='lat' dir='ltr'><strong>verberatum,</strong></span> <span class='ocrx_word' id='word_1_77' title='bbox 590 1306 823 1364; x_wconf 85' lang='lat' dir='ltr'><strong>vinctum,</strong></span> <span class='ocrx_word' id='word_1_78' title='bbox 840 1306 1106 1353; x_wconf 88' lang='lat' dir='ltr'><strong>addictum:</strong></span> <span class='ocrx_word' id='word_1_79' title='bbox 1128 1305 1213 1367; x_wconf 90' lang='lat' dir='ltr'><strong>qui</strong></span> <span class='ocrx_word' id='word_1_80' title='bbox 1230 1306 1376 1353; x_wconf 83' lang='lat' dir='ltr'><strong>habet</strong></span> <span class='ocrx_word' id='word_1_81' title='bbox 1394 1307 1526 1368; x_wconf 90' lang='lat' dir='ltr'><strong>quod</strong></span> 
     </span>
     <span class='ocr_line' id='line_1_17' title="bbox 497 1379 1000 1436; baseline 0 -12"><span class='ocrx_word' id='word_1_82' title='bbox 497 1379 579 1424; x_wconf 90' lang='lat' dir='ltr'><strong>det</strong></span> <span class='ocrx_word' id='word_1_83' title='bbox 597 1414 610 1436; x_wconf 87' lang='lat'>‚</span> <span class='ocrx_word' id='word_1_84' title='bbox 643 1391 698 1424; x_wconf 90' lang='lat' dir='ltr'><strong>ut</strong></span> <span class='ocrx_word' id='word_1_85' title='bbox 725 1379 873 1425; x_wconf 89' lang='lat' dir='ltr'><strong>homo</strong></span> <span class='ocrx_word' id='word_1_86' title='bbox 904 1389 1000 1436; x_wconf 87' lang='lat' dir='ltr'><strong>est,</strong></span> 
     </span>
    </p>

    <p class='ocr_par' dir='ltr' id='par_1_10' title="bbox 240 1450 1524 1517">
     <span class='ocr_line' id='line_1_18' title="bbox 240 1450 1524 1517; baseline -0.001 -19"><span class='ocrx_word' id='word_1_87' title='bbox 240 1452 419 1498; x_wconf 86' lang='lat' dir='ltr'><strong>Omnia</strong></span> <span class='ocrx_word' id='word_1_88' title='bbox 434 1468 605 1517; x_wconf 85' lang='lat' dir='ltr'><strong>genera</strong></span> <span class='ocrx_word' id='word_1_89' title='bbox 621 1451 936 1513; x_wconf 81' lang='lat' dir='ltr'><strong>recipiuntur:</strong></span> <span class='ocrx_word' id='word_1_90' title='bbox 955 1451 1118 1512; x_wconf 89' lang='lat' dir='ltr'><strong>itaque</strong></span> <span class='ocrx_word' id='word_1_91' title='bbox 1134 1451 1183 1497; x_wconf 90' lang='lat' dir='ltr'><strong>in</strong></span> <span class='ocrx_word' id='word_1_92' title='bbox 1198 1452 1308 1498; x_wconf 89' lang='lat' dir='ltr'><strong>totis</strong></span> <span class='ocrx_word' id='word_1_93' title='bbox 1325 1450 1524 1498; x_wconf 86' lang='lat' dir='ltr'><strong>aedibus</strong></span> 
     </span>
    </p>

    <p class='ocr_par' dir='ltr' id='par_1_11' title="bbox 240 1524 1524 1659">
     <span class='ocr_line' id='line_1_19' title="bbox 240 1524 1524 1586; baseline 0 -16"><span class='ocrx_word' id='word_1_94' title='bbox 240 1525 511 1582; x_wconf 78' lang='lat' dir='ltr'><strong>Tenebrae,</strong></span> <span class='ocrx_word' id='word_1_95' title='bbox 531 1524 759 1570; x_wconf 84' lang='lat' dir='ltr'><strong>latebrae:</strong></span> <span class='ocrx_word' id='word_1_96' title='bbox 785 1525 992 1582; x_wconf 82' lang='lat' dir='ltr'>bibitur,</span> <span class='ocrx_word' id='word_1_97' title='bbox 1028 1535 1178 1583; x_wconf 86' lang='lat' dir='ltr'><strong>estur,</strong></span> <span class='ocrx_word' id='word_1_98' title='bbox 1197 1524 1329 1586; x_wconf 88' lang='lat' dir='ltr'>quasi</span> <span class='ocrx_word' id='word_1_99' title='bbox 1355 1524 1406 1570; x_wconf 88' lang='lat' dir='ltr'><strong>in</strong></span> <span class='ocrx_word' id='word_1_100' title='bbox 1433 1540 1524 1586; x_wconf 84' lang='lat' dir='ltr'><strong>po-</strong></span> 
     </span>
     <span class='ocr_line' id='line_1_20' title="bbox 488 1597 966 1659; baseline 0 -17"><span class='ocrx_word' id='word_1_101' title='bbox 488 1598 629 1659; x_wconf 82' lang='lat' dir='ltr'>pina,</span> <span class='ocrx_word' id='word_1_102' title='bbox 662 1597 792 1642; x_wconf 89' lang='lat' dir='ltr'><strong>haud</strong></span> <span class='ocrx_word' id='word_1_103' title='bbox 825 1613 966 1642; x_wconf 79' lang='lat' dir='ltr'><strong>secus,</strong></span> 
     </span>
    </p>

    <p class='ocr_par' dir='ltr' id='par_1_12' title="bbox 234 1668 1291 1729">
     <span class='ocr_line' id='line_1_21' title="bbox 234 1668 1291 1729; baseline -0.006 -11"><span class='ocrx_word' id='word_1_104' title='bbox 234 1670 313 1718; x_wconf 90' lang='lat' dir='ltr'><strong>Ibi</strong></span> <span class='ocrx_word' id='word_1_105' title='bbox 341 1680 394 1715; x_wconf 88' lang='lat' dir='ltr'><strong>tu</strong></span> <span class='ocrx_word' id='word_1_106' title='bbox 427 1670 585 1716; x_wconf 83' lang='lat' dir='ltr'><strong>videas</strong></span> <span class='ocrx_word' id='word_1_107' title='bbox 614 1668 815 1715; x_wconf 86' lang='lat' dir='ltr'><strong>literatas</strong></span> <span class='ocrx_word' id='word_1_108' title='bbox 851 1668 1013 1714; x_wconf 88' lang='lat' dir='ltr'>fictiles</span> <span class='ocrx_word' id='word_1_109' title='bbox 1045 1668 1259 1729; x_wconf 88' lang='lat' dir='ltr'><strong>epistolas</strong></span> <span class='ocrx_word' id='word_1_110' title='bbox 1278 1701 1291 1724; x_wconf 85' lang='lat'>‚</span> 
     </span>
    </p>

    <p class='ocr_par' dir='ltr' id='par_1_13' title="bbox 237 1740 1518 1859">
     <span class='ocr_line' id='line_1_22' title="bbox 237 1740 1518 1805; baseline -0.002 -17"><span class='ocrx_word' id='word_1_111' title='bbox 237 1742 347 1788; x_wconf 90' lang='lat' dir='ltr'><strong>Pice</strong></span> <span class='ocrx_word' id='word_1_112' title='bbox 376 1742 591 1805; x_wconf 81' lang='lat' dir='ltr'><strong>signatas:</strong></span> <span class='ocrx_word' id='word_1_113' title='bbox 619 1743 817 1788; x_wconf 83' lang='lat' dir='ltr'><strong>nomina</strong></span> <span class='ocrx_word' id='word_1_114' title='bbox 847 1743 1008 1788; x_wconf 87' lang='lat' dir='ltr'><strong>insunt</strong></span> <span class='ocrx_word' id='word_1_115' title='bbox 1035 1743 1258 1789; x_wconf 89' lang='lat' dir='ltr'><strong>cubitum</strong></span> <span class='ocrx_word' id='word_1_116' title='bbox 1290 1740 1437 1804; x_wconf 86' lang='lat' dir='ltr'><strong>longis</strong></span> <span class='ocrx_word' id='word_1_117' title='bbox 1460 1741 1518 1786; x_wconf 90' lang='lat' dir='ltr'><strong>li-</strong></span> 
     </span>
     <span class='ocr_line' id='line_1_23' title="bbox 489 1825 612 1859; baseline -0.008 0"><span class='ocrx_word' id='word_1_118' title='bbox 489 1825 612 1859; x_wconf 84' lang='lat' dir='ltr'><strong>tens.</strong></span> 
     </span>
    </p>

    <p class='ocr_par' dir='ltr' id='par_1_14' title="bbox 237 1885 1515 1935">
     <span class='ocr_line' id='line_1_24' title="bbox 237 1885 1515 1935; baseline -0.003 0"><span class='ocrx_word' id='word_1_119' title='bbox 237 1889 310 1935; x_wconf 84' lang='lat' dir='ltr'><strong>Ita</strong></span> <span class='ocrx_word' id='word_1_120' title='bbox 326 1887 617 1933; x_wconf 82' lang='lat' dir='ltr'><strong>vinariorum</strong></span> <span class='ocrx_word' id='word_1_121' title='bbox 638 1885 869 1933; x_wconf 85' lang='lat' dir='ltr'><strong>habemus</strong></span> <span class='ocrx_word' id='word_1_122' title='bbox 889 1897 1074 1932; x_wconf 80' lang='lat' dir='ltr'><strong>nostrae</strong></span> <span class='ocrx_word' id='word_1_123' title='bbox 1103 1885 1344 1932; x_wconf 83' lang='lat' dir='ltr'><strong>delectum</strong></span> <span class='ocrx_word' id='word_1_124' title='bbox 1367 1885 1515 1932; x_wconf 89' lang='lat' dir='ltr'><strong>domi.</strong></span> 
     </span>
    </p>
   </div>
   <div class='ocr_carea' id='block_1_4' title="bbox 230 1981 1513 2458">
    <p class='ocr_par' dir='ltr' id='par_1_15' title="bbox 234 1981 1513 2458">
     <span class='ocr_line' id='line_1_25' title="bbox 656 1981 1101 2015; baseline -0.002 0"><span class='ocrx_word' id='word_1_125' title='bbox 656 1982 700 2015; x_wconf 91' lang='lat' dir='ltr'>M</span> <span class='ocrx_word' id='word_1_126' title='bbox 736 1981 756 2013; x_wconf 95' lang='lat'>1</span> <span class='ocrx_word' id='word_1_127' title='bbox 792 1982 823 2014; x_wconf 87' lang='lat'><strong>1.</strong></span> <span class='ocrx_word' id='word_1_128' title='bbox 857 1982 886 2014; x_wconf 83' lang='lat' dir='ltr'>P</span> <span class='ocrx_word' id='word_1_129' title='bbox 922 1982 958 2014; x_wconf 80' lang='grc' dir='ltr'><strong>Η</strong></span> <span class='ocrx_word' id='word_1_130' title='bbox 995 1983 1015 2015; x_wconf 95' lang='lat'>1</span> <span class='ocrx_word' id='word_1_131' title='bbox 1055 1982 1101 2014; x_wconf 91' lang='lat' dir='ltr'><strong>o.</strong></span> 
     </span>
     <span class='ocr_line' id='line_1_26' title="bbox 230 2039 1513 2102; baseline -0.002 -13.992"><span class='ocrx_word' id='word_1_132' title='bbox 230 2040 416 2088; x_wconf 89' lang='lat' dir='ltr'><strong>Omnia</strong></span> <span class='ocrx_word' id='word_1_133' title='bbox 446 2041 619 2102; x_wconf 89' lang='lat' dir='ltr'><strong>edepol</strong></span> <span class='ocrx_word' id='word_1_134' title='bbox 648 2041 768 2086; x_wconf 90' lang='lat' dir='ltr'><strong>mira</strong></span> <span class='ocrx_word' id='word_1_135' title='bbox 801 2053 941 2100; x_wconf 88' lang='lat' dir='ltr'><strong>sunt,</strong></span> <span class='ocrx_word' id='word_1_136' title='bbox 979 2041 1066 2087; x_wconf 87' lang='lat' dir='ltr'><strong>nisi</strong></span> <span class='ocrx_word' id='word_1_137' title='bbox 1096 2042 1237 2088; x_wconf 89' lang='lat' dir='ltr'><strong>herus</strong></span> <span class='ocrx_word' id='word_1_138' title='bbox 1263 2041 1391 2087; x_wconf 91' lang='lat' dir='ltr'><strong>hunc</strong></span> <span class='ocrx_word' id='word_1_139' title='bbox 1428 2039 1513 2086; x_wconf 90' lang='lat' dir='ltr'><strong>he-</strong></span> 
     </span>
     <span class='ocr_line' id='line_1_27' title="bbox 490 2114 819 2173; baseline -0.006 -12"><span class='ocrx_word' id='word_1_140' title='bbox 490 2114 654 2161; x_wconf 82' lang='lat' dir='ltr'><strong>redem</strong></span> <span class='ocrx_word' id='word_1_141' title='bbox 680 2114 819 2173; x_wconf 81' lang='lat' dir='ltr'><strong>facit,</strong></span> 
     </span>
     <span class='ocr_line' id='line_1_28' title="bbox 237 2183 1511 2251; baseline -0.006 -15"><span class='ocrx_word' id='word_1_142' title='bbox 237 2188 403 2236; x_wconf 87' lang='lat' dir='ltr'><strong>Nam</strong></span> <span class='ocrx_word' id='word_1_143' title='bbox 391 2205 427 2234; x_wconf 92' lang='lat' dir='ltr'><strong>1s</strong></span> <span class='ocrx_word' id='word_1_144' title='bbox 457 2189 659 2251; x_wconf 89' lang='lat' dir='ltr'><strong>quidem</strong></span> <span class='ocrx_word' id='word_1_145' title='bbox 687 2188 782 2246; x_wconf 84' lang='lat' dir='ltr'>illi,</span> <span class='ocrx_word' id='word_1_146' title='bbox 821 2198 878 2234; x_wconf 89' lang='lat' dir='ltr'><strong>ut</strong></span> <span class='ocrx_word' id='word_1_147' title='bbox 905 2188 1166 2234; x_wconf 86' lang='lat' dir='ltr'><strong>meditatur</strong></span> <span class='ocrx_word' id='word_1_148' title='bbox 1182 2222 1197 2247; x_wconf 88' lang='lat'>‚</span> <span class='ocrx_word' id='word_1_149' title='bbox 1227 2187 1373 2235; x_wconf 86' lang='lat' dir='ltr'><strong>verba</strong></span> <span class='ocrx_word' id='word_1_150' title='bbox 1403 2183 1511 2230; x_wconf 89' lang='lat' dir='ltr'><strong>facit</strong></span> 
     </span>
     <span class='ocr_line' id='line_1_29' title="bbox 491 2254 1424 2317; baseline -0.005 -8"><span class='ocrx_word' id='word_1_151' title='bbox 491 2274 725 2309; x_wconf 82' lang='lat' dir='ltr'><strong>emortuo.</strong></span> <span class='ocrx_word' id='word_1_152' title='bbox 1329 2310 1339 2317; x_wconf 49' lang='grc'><strong>,</strong></span> <span class='ocrx_word' id='word_1_153' title='bbox 1419 2254 1424 2257; x_wconf 72' lang='grc'><strong>’</strong></span> 
     </span>
     <span class='ocr_line' id='line_1_30' title="bbox 234 2328 1508 2392; baseline -0.006 -9"><span class='ocrx_word' id='word_1_154' title='bbox 234 2336 299 2383; x_wconf 86' lang='lat' dir='ltr'><strong>Et</strong></span> <span class='ocrx_word' id='word_1_155' title='bbox 325 2337 452 2384; x_wconf 84' lang='lat' dir='ltr'><strong>adire</strong></span> <span class='ocrx_word' id='word_1_156' title='bbox 485 2336 621 2383; x_wconf 88' lang='lat' dir='ltr'><strong>lubet</strong></span> <span class='ocrx_word' id='word_1_157' title='bbox 648 2335 923 2392; x_wconf 86' lang='lat' dir='ltr'><strong>hominem,</strong></span> <span class='ocrx_word' id='word_1_158' title='bbox 955 2344 1004 2381; x_wconf 86' lang='lat' dir='ltr'><strong>et</strong></span> <span class='ocrx_word' id='word_1_159' title='bbox 1029 2342 1190 2380; x_wconf 87' lang='lat' dir='ltr'><strong>autem</strong></span> <span class='ocrx_word' id='word_1_160' title='bbox 1221 2328 1359 2376; x_wconf 85' lang='lat' dir='ltr'><strong>nimis</strong></span> <span class='ocrx_word' id='word_1_161' title='bbox 1396 2343 1508 2375; x_wconf 88' lang='lat' dir='ltr'><strong>eum</strong></span> 
     </span>
     <span class='ocr_line' id='line_1_31' title="bbox 492 2410 897 2458; baseline -0.007 0"><span class='ocrx_word' id='word_1_162' title='bbox 492 2412 703 2458; x_wconf 88' lang='lat' dir='ltr'>ausculto</span> <span class='ocrx_word' id='word_1_163' title='bbox 732 2410 897 2456; x_wconf 88' lang='lat' dir='ltr'><strong>libens.</strong></span> 
     </span>
    </p>
   </div>
  </div>
 </body>
</html>
