1630 2866
241 186 333 235 206
576 180 1292 258 PSEUDOLUS„
1402 198 1532 252 “V-59

731 301 755 335 s
790 302 811 335 1
850 302 894 337 M
928 303 950 336 1
985 302 1032 337 A.

237 355 353 402 Uter
380 355 680 407 remoratur?

695 441 725 474 Β
763 423 799 475 A
831 442 863 475 1.
899 442 931 475 L
968 441 990 475 1
1026 442 1074 476 o.

593 510 732 581 Quin
771 527 966 572 sequere
1000 526 1111 576 ergo
1135 511 1272 561 intro.

725 595 751 630 S
785 596 807 629 I
844 597 886 631 M
923 597 944 629 I
981 596 1028 630 A.

854 655 861 657 “
1298 649 1493 713 Sequor.

578 773 966 822 SCENA
1049 775 1207 823 ΙΙἸ.

594 918 1185 955 PsEuDoLus.

238 973 367 1087 PE
381 1050 403 1092 J
419 1049 449 1082 o
465 1047 542 1082 RE
558 1047 601 1080 M
643 1051 731 1099 ego
772 1035 1020 1081 hominem
1053 1036 1299 1101 magisque
1332 1048 1530 1085 vorsute

491 1111 675 1156 malurn

237 1186 520 1245 Numquam
554 1183 728 1246 edepol
763 1199 1061 1246 quemquam
1095 1182 1230 1242 vidi,
1269 1199 1417 1246 quam
1449 1183 1527 1230 hic

496 1267 564 1302 est
589 1255 744 1302 Simia.

239 1331 489 1391 Nimisque
519 1345 607 1393 ego
639 1329 779 1374 illum
805 1328 1057 1375 hominem
1082 1339 1249 1376 metuo
1282 1340 1330 1376 et
1361 1329 1525 1376 formi-

493 1404 558 1449 do
594 1404 717 1448 male
733 1438 748 1461 ‚

237 1479 312 1526 Ne
339 1479 489 1525 malus
512 1477 628 1523 item
666 1492 769 1540 erga
803 1493 882 1522 me
914 1477 1000 1535 sit,
1035 1489 1092 1524 ut
1118 1493 1223 1543 erga
1246 1478 1386 1525 illum
1402 1478 1527 1538 fuit,

239 1551 322 1597 Ne'
339 1551 388 1595 in
417 1567 467 1595 re
489 1550 697 1595 secunda
726 1566 856 1596 nunc
884 1551 1001 1596 mihi
1025 1551 1246 1598 obvortat
1271 1567 1476 1609 cornua,

238 1624 289 1672 Si
321 1623 616 1670 occasionem
649 1623 822 1685 capsit‚
852 1625 936 1685 qui
969 1626 1054 1671 siet
1082 1626 1244 1672 malus.

236 1698 400 1759 Atque
419 1698 595 1759 edepol
615 1697 844 1758 equidem
860 1699 998 1745 nolo:
1026 1716 1135 1747 nam
1162 1698 1232 1745 illi
1247 1699 1372 1746 bene
1393 1699 1518 1746 volo.

237 1771 380 1817 Nunc
406 1771 457 1816 in
479 1782 615 1816 metu
649 1787 754 1816 sum
785 1787 1016 1819 maxumo
1033 1808 1047 1831 ,
1077 1772 1251 1834 triplici
1271 1771 1431 1818 modo.

237 1844 452 1891 Primum
489 1843 708 1888 omnium
743 1843 846 1906 jam
886 1845 1015 1892 hunc
1051 1862 1308 1908 conparem
1353 1847 1531 1892 metuo*

493 1933 659 1962 meum
675 1949 689 1971 ‚

236 1990 310 2036 Ne
342 1989 523 2039 deserat
556 2003 635 2033 me
652 2021 666 2044 ,
695 1997 841 2047 atque
873 1982 933 2030 ad
962 1981 1103 2027 hostis
1131 1991 1342 2044 transeat.

237 2063 406 2109 Metuo
429 2073 588 2108 autem
602 2096 615 2118 ,
636 2076 697 2106 ne
716 2060 853 2106 herus
871 2057 1034 2104 redeat
1052 2057 1193 2102 etiam
1211 2055 1331 2102 dum
1348 2072 1374 2101 a
1395 2054 1520 2112 foro,

235 2135 310 2181 Ne
338 2147 473 2197 capta
501 2134 678 2196 praeda
708 2134 832 2196 capti
856 2132 1121 2195 praedones
1146 2129 1293 2176 fuant.

238 2211 407 2280 Quom
428 2211 542 2255 haec
573 2221 740 2256 metuo
756 2245 770 2267 ‚
797 2220 988 2266 metuo,
1015 2224 1078 2253 ne
1104 2207 1183 2252 isse
1213 2206 1306 2252 huc
1323 2204 1515 2264 Harpax

488 2284 734 2341 adveniat,

234 2361 514 2421 Priusquam
537 2360 648 2405 hinc
677 2359 754 2404 hic
774 2358 966 2419 Harpax
983 2355 1149 2403 abierit
1164 2369 1274 2398 curn
1301 2351 1511 2399 muliere.

237 2435 359 2480 Perii
386 2435 567 2482 hercle!
600 2433 807 2480 nimium
837 2431 969 2478 tarde
993 2425 1297 2493 egrediuntur
1320 2425 1451 2473 foras.
