1630 2866
232 145 324 192 392
639 114 1114 176 STICHUS.
1211 131 1218 140 '
1389 145 1528 199 12¹5st

229 239 329 286 Pax
355 236 782 296 conmerciumque
810 239 877 282 es't
891 236 1028 283 vobis
1051 253 1257 285 mecum.
1289 253 1402 284 nam
1423 238 1518 284 hoc

447 359 449 361 ,
492 322 546 355 tu
576 309 718 355 facito
749 310 958 373 cogites,
1520 370 1525 374 -

232 386 298 433 Ut
331 385 548 446 quoique
583 383 771 430 homini
802 400 874 429 res
907 395 1065 446 parata
1097 394 1191 441 est,
1229 382 1353 431 firmi
1381 383 1521 431 amici

486 468 625 504 sunt:
662 458 698 502 si
727 473 798 503 res
822 459 931 503 lassa
957 459 1113 516 labat,

228 531 408 579 Itidem
437 532 576 577 amici
601 532 951 578 conlabascunt.
986 549 1055 578 res
1081 531 1256 577 amicos
1275 530 1473 578 invenit.

595 626 627 659 E
655 626 693 659 Ῥ
731 627 750 659 Ι
791 627 822 660 G
859 627 894 660 N
934 626 965 659 O
1004 627 1049 660 M
1086 627 1121 660 U
1158 626 1196 660 S·

227 687 338 746 Jam
362 689 521 735 redeo.
557 679 706 733 n'imia
732 699 799 734 est
823 689 1040 750 voluptas
1056 721 1070 745 ,
1097 687 1132 732 si
1165 686 1251 733 diu
1278 683 1479 732 abfueris
1498 700 1525 730 a

500 762 650 807 domo
670 795 685 818 ,

238 833 458 890 Domum
474 834 509 880 si
532 834 721 881 redieris
734 868 747 890 ,
767 834 802 879 si
824 835 912 881 tibi
928 835 1059 880 nulla
1077 843 1145 880 est
1161 832 1408 896 aegritudo
1427 831 1527 878 ani·-

492 924 576 955 mo
608 909 815 955 obviam.

238 979 364 1027 Nam
383 982 447 1027 ita
464 999 543 1027 me
571 983 766 1028 absente
793 983 1067 1030 familiarem
1088 1000 1190 1029 rem
1210 999 1334 1029 uxor
1350 978 1532 1026 curavit

496 1071 652 1099 meam
675 1089 689 1109 ‚

245 1127 483 1175 Omnium
507 1144 587 1172 me
620 1126 795 1172 exilem
819 1121 1178 1191 atque,inqnem
1204 1119 1316 1167 fecit
1333 1122 1542 1186 aegritu-·

498 1200 681 1246 dinum.
1053 1192 1072 1265 Ιζ’

242 1275 339 1324 Sed
371 1292 537 1323 eccum
562 1274 753 1320 fratrem
773 1269 1191 1331 Pamphilippum,
1217 1268 1397 1315 incedit
1423 1285 1536 1317 cum

498 1365 658 1394 socero
683 1363 783 1392 suo.
1212 1329 1229 1344 ⁸

508 1426 1292 1475 PAMPHILIPPUQ.

246 1494 388 1565 Quid
415 1494 593 1558 agitur,
628 1492 932 1555 Epignome?

611 1578 642 1612 E
679 1578 707 1610 P
745 1579 766 1611 1
807 1578 838 1610 G
876 1578 908 1610 N
945 1577 978 1610 O
1016 1577 1059 1611 M
1097 1576 1131 1610 U
1167 1574 1205 1609 S.

246 1706 297 1755 H
371 1706 393 1742 p
493 1640 632 1711 Quid
650 1640 738 1686 tu?
766 1634 1107 1701 quamdudum
1124 1637 1174 1682 in
1192 1645 1392 1698 portum
1407 1634 1539 1681 venis

298 1722 385 1753 uc.

510 1777 1294 1816 PAMPHILIPPUS.

378 1843 703 1909 Longissume.

610 1928 641 1962 E
678 1926 706 1959 P
744 1927 764 1958 1
803 1926 835 1959 G
874 1926 904 1960 N
945 1924 977 1957 ο
1016 1925 1059 1958 Μ
1097 1924 1132 1957 U
1171 1923 1209 1957 s.

565 1987 755 2034 Postilla
774 1988 874 2050 jam
904 1985 988 2030 iste
1017 1996 1084 2031 est
1111 1983 1392 2045 tranquillus
1417 1979 1541 2031 tibi?

677 2078 713 2113 A
750 2078 781 2111 N
823 2077 854 2110 T
890 2076 910 2110 1
948 2077 976 2109 Ρ
1017 2076 1051 2108 Η
1087 2077 1135 2110 ο.

252 2142 400 2207 Magis
428 2157 575 2203 quam
600 2155 754 2197 mare,
777 2155 877 2200 quo
895 2138 1042 2186 ambo
1068 2139 1171 2184 estis
1189 2138 1328 2185 vecti.

615 2235 646 2271 Ε
681 2236 709 2270 P
746 2236 768 2269 1
806 2233 839 2268 G
873 2235 906 2268 N
947 2234 978 2266 ο
1018 2234 1061 2267 M
1098 2233 1132 2266 U
1171 2231 1206 2264 s.

910 2295 1038 2341 Facis
1053 2328 1066 2351 ,
1093 2303 1148 2339 ut
1177 2291 1282 2336 alias
1309 2305 1378 2336 res
1407 2290 1537 2336 soles.

255 2371 481 2420 Hodiene
518 2386 831 2420 exoneramus
865 2385 1065 2427 navem,
1083 2363 1261 2412 frater?
