1690 2872
143 119 299 167 v.182
426 115 735 163 ACTUS
786 116 862 161 11.
911 114 1026 163 SC.·
1066 116 1162 163 IV.
1330 131 1419 176 457

145 225 236 272 Dic
267 224 471 282 Callicli,
502 241 580 270 me
608 235 664 268 ut
693 224 959 269 conveniat.

531 309 554 342 S
592 310 623 341 T
659 309 693 342 A
729 308 753 342 S
789 309 810 341 1
845 310 888 342 M
928 309 961 344 U
998 308 1035 342 S·
1084 335 1093 344 ,

979 369 1113 437 Quin
1138 380 1193 415 tu
1220 370 1235 414 i
1262 369 1421 416 modo.

467 452 1099 486 LESBONICUS.

143 511 221 560 De
251 513 363 558 dote
395 523 452 559 ut
472 511 633 576 videat
651 546 665 570 ‚
693 512 813 573 quid
838 529 959 573 opus
985 514 1042 558 sit
1064 513 1200 587 fac-to.

532 605 1040 640 STASIMUS.

1208 659 1418 706 ImodO.

463 734 1106 771 LESBONICus.

144 794 266 840 Nam
297 795 547 841 certum’st
579 811 658 840 me
686 794 784 840 sine
817 794 933 840 dote
959 794 1088 840 haud
1120 794 1240 841 dare.

533 889 557 923 S
592 889 624 922 T
660 888 695 922 A
734 889 758 922 S
793 890 813 922 1
849 888 892 921 M
926 888 986 922 U*
999 889 1035 921 S.

959 947 1096 1016 Quin
1124 959 1178 994 tu
1205 949 1222 993 i
1250 950 1415 997 modo.

460 1039 492 1072 1.
528 1039 559 1072 Ε
594 1038 617 1072 s
653 1039 682 1087 Β
722 1038 755 1071 o
792 1038 827 1071 N
860 1038 882 1071 1
918 1039 945 1071 c
981 1039 1018 1071 U
1054 1039 1095 1072 s.

137 1097 308 1159 Neque
334 1098 460 1144 enim
494 1098 561 1144 illi
591 1098 768 1144 damno
804 1116 1037 1160 umquam
1065 1116 1159 1146 esse
1186 1101 1347 1162 patiar.

522 1192 1027 1228 STASIMUS.

822 1295 830 1302 ‚
971 1310 974 1312 -
1119 1247 1412 1294 Abimodo!

456 1321 1095 1357 LESBONICUS.

131 1379 292 1426 Meam
324 1382 680 1444 neglegentiam.

462 1450 469 1456 ”
523 1473 546 1505 s
582 1474 614 1506 T
649 1473 684 1506 A
719 1473 742 1506 s
777 1473 798 1505 1
835 1474 877 1506 M
913 1473 948 1506 u
984 1475 1023 1507 s,

694 1532 719 1577 I
748 1532 919 1579 modo!

460 1622 493 1656 1.
526 1622 557 1655 E
594 1622 618 1656 s
653 1624 682 1655 B
723 1624 756 1657 ο
792 1626 827 1658 Ν
861 1626 882 1658 1
918 1627 945 1659 c
982 1626 1019 1659 U
1051 1627 1089 1660 s.

936 1685 984 1730 Ο
1018 1688 1182 1746 pater!

136 1752 361 1815 Aequom
382 1753 597 1812 videtur,
638 1756 759 1817 quin
789 1756 925 1818 quod
953 1758 1201 1819 peccarim.

520 1848 544 1882 s
581 1849 612 1881 Τ
649 1849 684 1882 Α
709 1849 747 1902 „5
782 1850 805 1883 1
838 1852 881 1885 M
918 1851 953 1885 U
990 1851 1028 1885 s.

1184 1903 1406 1950 Imodo!

455 1975 1085 2015 LESBONICUS.

134 2040 454 2088 Potissumum
479 2037 600 2084 mihi
625 2037 677 2083 id
707 2038 841 2085 obsit.

386 2111 392 2116 ’
521 2130 545 2164 s
579 2131 612 2164 T
646 2131 680 2164 A
719 2131 742 2165 s
778 2132 811 2165 1.
834 2134 878 2166 M
915 2133 951 2166 u
986 2133 1024 2167 s.

850 2191 890 2236 -I
917 2191 1092 2237 modo!

451 2280 1087 2318 LESBONICUS.

1130 2335 1361 2397 Opater!
