1598 2814
77 179 203 227 v-47
358 165 670 214 ACTUS
718 166 794 213 11.
843 164 947 213 SC.
997 166 1096 215 IV.
1259 172 1355 228 541

432 286 468 323 D
508 291 530 323 1
563 291 598 323 N
635 291 669 324 A
704 290 739 324 R
773 291 801 323 C
836 290 871 324 H
904 289 942 323 U
980 288 1018 323 S.

911 350 1141 400 Ausculto
1167 348 1351 398 lubens.

76 414 214 486 Quid
246 413 456 474 denique
485 414 651 477 agitis?

400 508 428 541 P
464 508 498 541 H
535 509 569 542 R
606 508 639 543 Ο
675 509 709 543 N
743 509 774 543 E
810 508 833 542 S
873 509 892 541 I
929 509 966 542 U
1000 509 1058 542 M.

674 578 826 625 Mater
853 579 1038 625 ancillas
1061 579 1204 643 jubet
1221 612 1238 637 ‚

82 653 329 723 Quoniam
344 653 445 718 jam
471 653 680 699 decimus
701 652 868 698 mensis
894 652 1118 698 adventat
1139 668 1321 714 prope,

78 725 234 770 Aliam
261 725 481 772 aliorsum
510 725 604 782 ire,
633 723 965 785 praemandare
998 735 1044 769 et
1073 740 1300 784 quaerere
1345 739 1350 743 ·

76 796 286 843 Puerum
309 808 391 843 aut
415 798 651 858 puellam,
680 795 766 856 qui
793 806 1122 856 supponantur
1149 796 1280 841 mihi.

80 867 217 936 Quid
249 870 400 914 multa
427 869 570 916 verba
595 867 793 914 faciam?
818 867 1091 913 tonstricem
1118 866 1287 913 Suram

76 939 262 986 Novisti
288 952 493 986 nostram
510 976 523 997 ‚
553 956 674 1000 quae
696 939 844 985 modo
875 956 980 1002 erga
1003 939 1139 985 aedes
1162 937 1319 985 habet.

438 1037 1016 1074 DINARCHUS.

77 1094 215 1144 Novi..

400 1167 1057 1210 Pnnonrzsrum.

236 1238 366 1285 Haec
393 1254 490 1284 una
519 1254 660 1300 opera
679 1237 900 1282 ‘circumit
933 1252 1017 1297 per
1045 1235 1274 1294 familias,
1338 1229 1346 1235 ”

75 1309 283 1357 Puerum
310 1312 505 1375 vestigat
537 1312 809 1356 clanculum
825 1345 840 1369 ‚
867 1311 930 1356 ad
959 1327 1038 1357 me
1072 1310 1259 1357 detulit.

76 1383 259 1437 Datum
288 1385 378 1431 sibi
406 1400 499 1430 esse
526 1384 661 1430 dixit.

430 1475 467 1507 D
502 1475 523 1506 1
558 1475 591 1506 Ν
627 1474 661 1506 A
696 1476 730 1508 R
765 1475 792 1506 c
827 1474 862 1506 H
900 1474 933 1506 U
969 1474 1005 1507 s.

694 1541 742 1585 O
776 1556 951 1585 merces
981 1532 1155 1587 malae!

78 1611 205 1657 Eum
231 1627 359 1658 nunc
377 1628 475 1658 non
504 1612 581 1657 illa
594 1611 803 1673 peperit,
822 1627 944 1672 quae
965 1614 1175 1674 peperit,
1197 1614 1325 1676 prior
1333 1619 1352 1675 ‚'

78 1682 175 1730 Sed
204 1694 265 1730 tu
282 1685 524 1746 posterior.
930 1683 932 1685 ’

401 1779 1062 1815 PHRONESIUM.

538 1847 723 1893 Ordine
754 1864 949 1895 omnem
979 1866 1080 1894 rem
1111 1860 1253 1895 tenes.

80 1914 220 1961 Nunc
246 1927 302 1962 ut
325 1919 560 1978 praemisit
583 1921 809 1966 nuntium
835 1922 967 1967 miles
995 1923 1146 1978 mihi,

79 1985 190 2031 Non
215 1988 373 2036 multo
406 2001 513 2049 post
543 1990 618 2035 hic
646 1991 805 2037 aderit.

435 2090 471 2122 D
510 2091 529 2122 1
566 2093 600 2124 N
637 2091 672 2124 A
707 2093 740 2125 R
775 2093 802 2124 c
838 2093 872 2125 Η
907 2092 941 2124 U
978 2092 1014 2125 s.

847 2160 988 2205 Nunc
1014 2171 1068 2204 tu
1094 2170 1141 2204 te
1165 2159 1355 2210 interim

82 2227 229 2298 Quasi
244 2246 332 2292 pro
349 2245 582 2291 puerpera
598 2231 676 2277 hic
691 2233 943 2292 procuras?

145 2304 148 2306 ’
402 2321 1055 2357 PHRONESIUM.

955 2393 1225 2462 Quippini?
