1630 2866
234 193 331 249 3192
552 147 1194 233 P‘SEUfioLUs.
1393 202 1522 248 v.54

687 303 717 336 Β
752 303 786 337 A
823 304 855 337 L
889 304 920 337 1.
955 305 978 338 1
1013 305 1059 339 o.

236 359 375 431 Quid
409 355 512 403 est?
612 417 615 419 Δ
963 377 966 379 ·

693 434 719 467 c
757 434 789 467 0
829 435 867 484 ρ
899 433 935 467 u
971 433 1008 468 u
1043 433 1079 468 s.

403 494 535 564 Quia
560 493 691 540 enim
722 493 927 540 demissis
953 493 1171 540 manibus
1194 496 1330 542 volui
1352 494 1522 544 dicere.

235 572 365 619 Eum
392 570 444 614 in
470 569 667 615 odorem
698 581 869 615 coenat
897 569 1120 632 Juppiter
1143 569 1329 616 cotidie.

695 662 725 695 Β
764 662 799 695 Α
837 663 868 696 1.
903 663 934 696 1.
970 663 991 695 1
1029 663 1077 696 o.

238 726 287 774 Si
305 741 541 787 nusquam
558 725 594 770 is
608 736 824 783 coctum,
847 725 1083 787 quidnam
1097 723 1525 787 coenatJuppitex?

694 819 722 851 c
762 819 794 852 o
834 821 870 870 ρ
903 820 938 854 U
976 819 1010 853 U
1047 819 1083 854 S.
1313 803 1317 806 ’

236 884 284 930 It
307 883 586 929 incoenatus
607 880 843 927 cubitum.

702 966 732 998 B
770 966 806 1000 A
842 967 874 1001 1.
908 967 938 1001 1.
975 967 996 1000 1
1033 967 1083 1001 o.
1139 1008 1142 1009 ⁷

868 1027 891 1070 Ι
915 1027 966 1071 in
992 1026 1168 1070 malam
1190 1039 1396 1072 crucem.

237 1099 462 1146 Istaccine
488 1113 641 1143 caussa
675 1097 766 1143 tibi
790 1098 936 1144 hodie
971 1114 1229 1144 nummum
1262 1098 1431 1151 dabo?

696 1192 723 1224 c
761 1192 794 1226 o
832 1193 868 1242 Q
902 1192 937 1224 U
974 1193 1009 1225 U
1048 1193 1085 1226 s.

240 1254 414 1300 Fateor
444 1252 697 1313 equidem,
733 1269 825 1298 esse
853 1268 933 1298 me
963 1269 1177 1314 coquom
1197 1252 1526 1299 carissumum:

239 1328 423 1374 Verum
454 1343 541 1388 pro
565 1326 719 1387 pretio
750 1325 894 1382 facio,
920 1338 984 1372 ‘ut
1011 1342 1156 1388 opera
1178 1318 1400 1387 appareat

236 1402 376 1460 Mea,
413 1417 512 1462 quo
544 1399 810 1445 conductus
841 1399 966 1445 veni.

689 1484 718 1516 Β
757 1484 792 1517 A
828 1483 859 1517 L
895 1483 926 1516 L
961 1483 983 1516 1
1023 1483 1070 1516 O.

901 1543 982 1590 Ad
1017 1542 1280 1591 furandum
1315 1543 1527 1606 quidem.

702 1631 729 1664 c
769 1631 801 1664 o
840 1631 875 1680 Q
910 1631 945 1663 U
982 1630 1017 1663 U
1056 1629 1094 1663 s,

238 1691 319 1739 An
345 1690 558 1736 invenire
589 1691 798 1752 postulas
830 1707 1128 1752 quemquam
1154 1706 1398 1752 coquom,
1474 1724 1476 1729 ,

240 1766 343 1812 Nisi
374 1764 578 1811 milvinis
610 1775 691 1809 aut
729 1763 947 1823 aquilinis
980 1762 1202 1826 ungulis?

702 1849 730 1880 Β
771 1849 806 1881 A
842 1849 872 1881 L
907 1849 938 1882 Ι,
974 1849 995 1881 1
1034 1849 1085 1881 o.
1258 1880 1261 1882 .

236 1909 321 1957 ‘An‘
351 1921 406 1956 tu
438 1909 753 1971 coquinatum
788 1920 836 1954 te
866 1909 931 1954 ire
965 1925 1219 1970 quoquam
1243 1912 1480 1971 postulas,

244 1984 383 2053 Quin
415 1983 481 2029 ibi
512 1981 769 2027 constrictis
802 1981 991 2045 ungulis
1022 1997 1222 2028 coenam
1251 1984 1466 2044 coquas?

242 2057 386 2115 Nunc
415 2056 534 2100 adeo
555 2066 610 2100 tu
627 2089 642 2111 ,
671 2054 757 2115 qui
786 2071 921 2100 meus
959 2070 1034 2112 es,
1057 2056 1159 2119 jam
1188 2055 1326 2120 edico
1350 2056 1467 2113 tibi,

244 2131 326 2177 Uti
361 2136 521 2176 nostra
552 2146 775 2192 properes
805 2129 988 2175 amolixi
1021 2130 1205 2176 omnia:

244 2202 379 2248 Tum
405 2214 458 2248 ut
482 2202 622 2266 hujus
659 2203 822 2247 oculos
855 2202 906 2246 in
934 2202 1079 2248 oculis
1113 2202 1280 2248 habeas
1313 2201 1432 2247 tuis:

250 2276 475 2345 Quoquo
511 2276 589 2320 hic
624 2276 882 2336 spectabit,
920 2292 976 2321 eo
1003 2286 1058 2321 tu
1089 2284 1296 2336 spectato
1326 2273 1492 2321 simul:

247 2349 296 2394 si
322 2364 420 2408 quo
443 2347 518 2392 hic
549 2347 786 2411 gradietur
803 2383 816 2405 ,
853 2348 1022 2408 pariter
1051 2344 1443 2408 progrediminor.

249 2422 451 2470 Manum
478 2422 514 2468 si
540 2423 796 2483 protollet‚
832 2422 1002 2482 pariter
1032 2418 1240 2480 proferto
1263 2435 1475 2467 manum.
