1598 2814
1308 168 1355 197 U

192 186 284 247 516
417 184 1224 235 TRUCULENTUS.
1353 202 1483 247 v.5o

190 293 300 340 Aeri
317 293 423 353 plus
440 301 707 337 scortorum
726 307 820 337 esse
836 292 936 355 jam
957 308 1103 352 quarn
1123 292 1423 356 ponderum:

192 369 328 436 Quos
354 365 555 426 quidem
576 381 723 425 quarn
752 364 813 410 ad
839 381 942 410 rem
963 365 1117 411 dicam
1141 368 1191 411 in
1212 366 1480 431 argentariis

189 441 378 487 Referre
403 439 575 485 habere
590 474 603 495 ,
629 439 716 484 nisi
747 455 834 500 pro
858 437 1030 484 tabulis
1045 473 1058 495 ‚
1088 439 1275 498 nescio,
1329 459 1331 461 ¹

191 515 286 559 Ubi
313 530 415 559 aera
439 512 789 574 perscribantur
814 512 1045 558 usuraria:

187 587 399 649 Accipiat
431 587 558 632 illico
588 602 821 648 expensa,
854 602 1018 647 neque
1050 595 1248 632 censeat.

181 661 431 706 Postremo
465 660 516 704 in
547 675 719 722 magno
754 660 942 721 populo
961 693 975 716 ,
1006 658 1056 704 in
1083 657 1244 704 multis
1272 656 1480 703 homini-

443 731 533 776 bus
549 765 563 788 ,

187 804 258 850 Re
283 804 468 866 placida
500 815 647 865 atque
679 803 853 861 otiosa,
885 803 1018 850 victis
1046 804 1293 862 hostibus,

189 876 362 922 Amare
387 887 577 938 oportet
594 876 772 933 omnis,
798 876 908 937 qui,
932 877 1070 938 quod
1090 877 1231 935 dent,
1252 877 1441 924 habent.

187 953 314 999 Nam
339 953 457 1000 mihi
483 954 600 999 haec
626 952 851 999 meretrix
863 986 877 1010 ‚
899 969 1023 1014 quae
1039 953 1114 999 hic
1132 953 1278 1000 habet
1294 987 1310 1012 ,
1329 952 1478 999 Phro-

448 1026 661 1082 nesium‚

186 1098 338 1144 Suum
369 1113 552 1143 nomen
582 1112 726 1142 omne
748 1112 808 1141 ex
835 1107 1028 1157 pectore
1059 1097 1276 1143 exmovit
1298 1113 1411 1144 meo
1426 1113 1453 1155 ,'

184 1171 511 1217 Phronesium.
547 1185 660 1215 nam
686 1169 932 1214 Phronesis
957 1179 1024 1215 est
1055 1169 1293 1230 sapientia.

183 1243 309 1290 Nam
340 1259 419 1288 me
450 1242 587 1287 fuisse
614 1241 725 1286 huic
757 1240 904 1286 fateor
937 1258 1181 1288 summum
1216 1253 1363 1303 atque
1396 1243 1471 1288 in-

441 1315 616 1361 timum
635 1351 650 1373 ‚

185 1389 337 1459 Quod
360 1389 556 1434 amantis
580 1389 735 1433 multo
763 1403 1040 1448 pessumum
1055 1388 1111 1434 ’st
1130 1389 1375 1449 pecuniae.

183 1464 367 1510 Eadem
382 1497 395 1519 ,
414 1472 669 1523 postquam
689 1460 835 1506 alium
852 1461 1051 1522 reperit,
1075 1461 1161 1521 qui
1181 1462 1290 1522 plus
1313 1461 1474 1520 daret,

187 1535 583 1591 Damnosiorem,
625 1552 704 1581 me
731 1534 904 1580 exinde
927 1535 1108 1582 amovit
1129 1536 1265 1593 loco,

187 1608 354 1677 Quem
374 1606 601 1653 infestum
620 1624 672 1654 ac
695 1607 917 1654 odiosum
943 1607 1031 1655 sibi
1054 1623 1148 1655 esse
1173 1609 1472 1655 memorabat

438 1681 588 1738 mala,

183 1746 583 1813 Babquniensem
609 1745 835 1791 militem:
869 1745 905 1791 is
933 1761 1068 1793 nunc
1097 1746 1273 1794 dicitur

182 1819 426 1866 Venturus
445 1834 650 1881 peregre.
672 1833 730 1863 eo
754 1833 885 1864 nunc
907 1830 1167 1865 conmenta
1182 1830 1250 1866 est
1269 1819 1442 1865 dolum
1455 1851 1472 1878 ‚

184 1893 420 1954 Peperisse
445 1893 637 1937 simulat
658 1907 752 1936 sese
765 1925 779 1948 ,
804 1903 859 1936 ut
876 1908 956 1937 me
976 1891 1196 1938 extrudat
1224 1891 1342 1938 foras
1355 1925 1373 1951 ‚
1479 1901 1484 1904 '

184 1968 347 2028 Atque
378 1978 434 2012 ut
460 1982 572 2010 cum
601 1965 701 2010 solo
727 1975 1055 2027 pergraecetur
1085 1966 1260 2012 milite:

183 2042 311 2087 Eum
340 2057 433 2086 esse
457 2040 646 2085 simulat
680 2039 881 2086 militem
911 2056 1075 2101 puero¹
1093 2052 1289 2101 patrem.

185 2114 325 2183 Quid
357 2115 429 2160 isti
456 2113 756 2174 suppositum
778 2130 986 2175 puerum
1016 2131 1136 2175 opus
1157 2111 1430 2175 pessumae?

180 2188 301 2233 Mihi
330 2188 472 2234 verba
494 2197 622 2232 retur
655 2186 765 2232 dare
797 2187 923 2233 sese?
952 2203 1013 2233 an
1039 2203 1118 2232 me
1148 2186 1327 2233 censuit

184 2260 345 2305 Celare
371 2277 417 2305 se
441 2271 652 2321 potesse,
691 2260 882 2322 gravida
912 2260 947 2305 si
976 2259 1135 2306 foret?

183 2330 307 2376 Nam
325 2347 412 2394 ego
432 2331 618 2378 Lemno
635 2331 839 2377 advenio
858 2330 1065 2376 Athenas
1082 2328 1256 2374 nudius
1273 2328 1460 2388 tertius,

183 2401 384 2467 Legatus
414 2405 524 2451 hinc
549 2422 648 2465 quo
674 2421 785 2452 cum
815 2404 1012 2466 publico
1041 2401 1243 2462 imperio
1278 2400 1357 2447 fui.
