1630 2866
206 136 300 180 424
503 120 1166 171 TRINUMMUS.
1359 143 1486 188 v.3o

566 240 592 272 C
627 239 662 272 A
697 240 728 276 L
762 239 793 272 L
831 240 852 272 1
891 242 918 274 C
958 241 989 274 L
1022 240 1053 274 E
1091 242 1126 275 S.

1169 301 1304 373 Quid
1325 306 1488 351 venis?
1520 346 1525 350 .

500 381 1229 421 MEGARONIDES.

206 444 339 492 Malis
368 454 415 490 te
439 455 493 490 ut
519 444 672 490 verbis
698 445 861 491 multis
887 447 1101 492 multum
1125 448 1420 514 objurgitem.

563 542 590 574 C
630 541 854 575 ALLI
893 543 920 575 C
959 543 1133 578 LES.

207 593 371 639 Men'?

500 671 607 704 ME
646 671 818 706 GAR
857 672 1228 707 ONIDES.

335 731 470 778 Num
495 733 600 794 quis
624 745 689 779 est
714 734 790 779 hic
813 733 927 780 alius
947 746 1129 795 praeter
1146 751 1227 781 me
1247 747 1393 798 atque
1415 737 1492 784 te?

567 830 728 863 CAL
767 830 1042 863 LICLE
1082 831 1122 866 S.

209 882 469 932 Nemoest.

500 958 1234 999 MEGARONIDES.

470 1020 607 1088 Quid
635 1019 776 1082 igitur
805 1019 974 1083 rogitas
991 1054 1004 1076 ,
1032 1032 1144 1067 tene
1174 1022 1493 1087 objurgitem?

208 1092 308 1139 Nisi
335 1103 439 1138 tute
467 1093 587 1138 mihi
617 1109 696 1138 me
723 1087 877 1139 censes
905 1093 1146 1140 dicturum
1177 1098 1311 1142 male.

210 1163 336 1212 Nam
365 1164 401 1209 si
430 1163 479 1209 in
508 1174 555 1208 te
583 1175 824 1227 aegrotant
851 1175 966 1209 artes
997 1165 1220 1226 antiquae
1254 1178 1363 1215 tuae
1381 1202 1396 1226 ‚

213 1237 322 1284 Sive
348 1237 584 1282 inmutare
608 1237 674 1283 vis
702 1237 950 1301 ingenium
979 1238 1218 1296 moribus,

211 1311 312 1358 Aut
343 1312 378 1357 si
404 1310 654 1356 demutant
680 1327 834 1359 mores¹
858 1310 1107 1375 ingenium
1136 1322 1278 1359 tuum
1295 1347 1308 1369 ,

210 1385 385 1446 Neque
413 1401 490 1431 eos
517 1385 741 1445 antiquos
772 1401 916 1431 servas
932 1414 945 1441 ,
976 1395 1042 1429 ast
1063 1396 1217 1444 captas
1243 1402 1425 1444 novo5,

215 1457 458 1504 Omnibus
485 1458 641 1503 amicis
670 1457 897 1503 morbum
923 1468 978 1502 tu
1004 1456 1200 1503 incuties
1230 1458 1448 1523 gravem,

215 1531 279 1578 Ut
303 1542 351 1579 te
375 1531 535 1579 videre
563 1531 824 1592 audireque
854 1531 1030 1596 aegroti
1053 1531 1186 1594 sient.

574 1623 600 1656 c
636 1624 671 1656 A
706 1624 736 1656 L
773 1624 803 1657 1.
839 1624 858 1656 1
896 1625 922 1656 c
958 1623 988 1656 L
1024 1623 1055 1655 E
1094 1623 1133 1656 s.

213 1685 316 1754 Qui
344 1684 395 1729 in
421 1695 636 1732 mentem
670 1684 802 1730 venit
831 1683 917 1732 tibi
950 1683 1086 1730 istaec
1118 1683 1242 1731 dicta
1270 1683 1455 1735 dicere?

506 1779 1239 1813 MEGARONIDES.

214 1842 345 1911 Quia
363 1857 527 1887 omnes
553 1842 705 1889 bonos
729 1841 974 1902 bonasque
996 1857 1210 1887 accurare
1238 1840 1435 1892 addecet
1447 1864 1477 1900 ,f

216 1913 544 1976 Suspicionem
575 1926 623 1960 et
645 1915 834 1976 culpam
861 1926 916 1960 ut
941 1914 1000 1960 ab
1029 1931 1076 1959 se
1105 1924 1356 1979 segregent.

575 2009 603 2041 C
640 2008 674 2040 A
710 2009 740 2041 L
775 2009 805 2040 L
843 2009 864 2041 1
900 2009 927 2044 C
962 2009 993 2041 L
1028 2009 1059 2042 E
1096 2010 1133 2043 S.

217 2066 330 2114 Non
356 2079 514 2129 potest
543 2078 807 2127 utrumque
833 2067 945 2115 fieri.

507 2152 1237 2187 MEGARONIDES.

965 2210 1301 2283 Quapropter?

579 2297 1135 2337 CALLICLES.

1312 2343 1495 2407 Rogas?
