1690 2872
112 144 214 190 v.4
378 126 708 175 ACTUS
766 127 880 173 111.
937 125 1043 174 SC.
1098 126 1133 172 Ι.
1299 141 1392 187 459

503 246 526 280 S
562 246 594 279 T
632 246 665 279 A
704 245 728 280 S
762 247 783 279 Ι
819 247 861 280 Μ
899 246 935 279 U
972 246 1007 280 S·

301 362 306 366 ‘
328 348 332 352 .
772 307 965 372 Lysiteli
992 306 1220 353 Philtonis
1260 306 1359 352 filio
1376 340 1391 363 ,

113 369 224 417 Sine
253 370 381 416 dote.

476 457 505 489 C
540 457 575 490 A
609 457 639 490 L
675 457 706 490 L
741 458 763 491 Ῐ
798 457 825 491 C
861 458 892 491 L
926 458 958 491 E
996 457 1035 491 S.

259 524 369 570 Sine
401 523 514 570 dote
540 524 620 570 ille
646 524 775 572 illam
792 526 843 572 in
861 536 1010 573 tantas
1019 526 1212 582 ⁴*divi-tias
1232 524 1396 572 dabit?

116 597 228 644 Non
255 596 481 643 credibile
509 595 635 643 dicis.

504 691 1018 727 STASIMUS.

635 759 700 806 At
722 770 777 806 tu
807 761 984 822 edepol
1013 762 1171 808 nullus
1190 761 1394 808 creduas.

117 827 165 876 Si
183 830 274 878 hoc
294 847 396 878 non
417 832 567 878 credis
581 867 594 890 ‚
615 849 702 897 ego
723 832 985 879 credidero.

475 925 505 958 G
542 925 578 958 A
611 926 643 959 1,
676 925 708 959 I.
743 925 766 958 1
801 926 829 959 C
864 926 893 958 1,
930 924 961 958 E
999 924 1036 959 S.

811 985 987 1054 Quid?

506 1080 530 1114 S
567 1078 600 1114 'l'
635 1079 672 1114 A
708 1077 731 1114 S
768 1081 789 1114 1
826 1080 869 1118 M
907 1081 941 1114 U
981 1079 1019 1114 S.

475 1166 513 1171 Α
911 1141 993 1187 Me
1011 1140 1150 1186 nihili
1174 1140 1396 1202 pendere.

472 1234 500 1267 C
536 1233 571 1267 A
606 1234 638 1268 L
673 1236 704 1269 L
739 1235 761 1268 1
793 1236 820 1268 C
855 1234 886 1268 L
922 1236 953 1268 E
987 1235 1023 1268 S.

119 1291 478 1362 Quamdudum
496 1295 614 1341 istuc
626 1330 640 1353 ‚
657 1306 739 1341 aut
754 1296 840 1341 ubi
860 1306 1021 1341 actum
1037 1296 1123 1342 ’st?

508 1388 531 1422 s
569 1391 600 1423 Τ
637 1391 672 1423 A
705 1390 727 1424 s
764 1391 785 1423 1
822 1391 865 1422 M
902 1390 938 1423 u
973 1390 1008 1422 s.
1237 1430 1242 1434 ,

412 1492 416 1495 ,
809 1449 944 1494 Illico
967 1448 1043 1493 hic
1075 1458 1185 1493 ante
1211 1448 1399 1492 ostium.

120 1515 244 1563 Tam
271 1517 448 1575 modo,
479 1518 639 1578 inquit
659 1518 995 1566 Praenestinus.

479 1612 507 1644 c
541 1612 577 1644 A
609 1612 641 1645 L
676 1612 708 1645 1.
743 1612 766 1645 1
801 1611 828 1645 c
864 1613 895 1645 1.
931 1613 962 1645 Ε
1003 1612 1043 1646 s.

530 1654 544 1664 ’
799 1671 1006 1718 Tanton'
1031 1672 1082 1716 in
1114 1687 1163 1716 re
1190 1670 1371 1732 perdita
1387 1703 1402 1727 ‚

128 1743 293 1813 Quam
308 1743 359 1789 in
374 1760 423 1790 re
437 1745 584 1803 salva,
598 1745 884 1792 Lesbonicus
900 1744 1046 1790 factus
1064 1754 1131 1789 est
1149 1742 1398 1807 frugalior?

515 1838 539 1872 s
577 1840 609 1873 'r
644 1841 679 1874 A
715 1841 738 1875 s
776 1842 797 1874 1
832 1842 876 1874 M
911 1840 948 1873 υ
985 1839 1023 1873 s.

124 1895 288 1958 Atque
319 1880 545 1957 equidem
570 1900 694 1962 ipsus
720 1902 846 1947 ultro
869 1900 1001 1948 venit
1027 1898 1186 1944 Philto
1213 1907 1402 1942 oratum

380 1967 492 2013 filio.

466 2032 517 2086 'c
555 2052 591 2086 A
625 2053 657 2087 1.
692 2053 724 2086 1.
759 2053 782 2086 1
818 2054 845 2088 c
881 2055 912 2088 L
946 2055 978 2088 E
1014 2054 1053 2088 s,

130 2122 379 2187 Flagitium
410 2121 610 2182 quidem
646 2122 801 2168 hercle
834 2122 942 2180 fiet,
976 2124 1063 2169 nisi
1093 2123 1179 2169 dos
1216 2121 1405 2167 dabitur

383 2210 565 2258 vuguu.

131 2265 373 2314 Postremo
400 2268 576 2328 edepol
602 2283 690 2332 ego
717 2268 851 2314 ismm
872 2283 973 2315 rem
1001 2267 1062 2314 ad
1087 2283 1166 2313 me
1194 2266 1406 2313 adtinere

383 2341 622 2403 intellego.
