1630 2866
236 193 303 249 44·
582 187 1160 238 POENULUS.
1390 194 1527 254 ιφ

236 297 465 355 Dederis,
494 313 616 358 quos
651 297 858 343 deferret
887 297 981 344 huc
1011 298 1072 345 ad
1101 300 1329 346 lenonem
1365 301 1523 350 inimi·-

489 388 603 418 cum
630 382 800 422 tuum;

234 447 378 508 Isque
407 464 453 492 se
492 457 547 492 ut
568 447 853 492 assimularet
874 447 1177 510 peregrinum
1198 465 1290 497 esse
1306 451 1528 509 aliunde,v

497 536 557 565 ex
587 520 676 565 alio
702 519 902 580 oppido.

235 592 330 641 Ubi
349 595 385 640 is
410 595 647 652 temlerit,
677 606 732 640 tu
756 611 812 640 eo
842 596 1112 656 quaesitum
1135 612 1319 644 servom
1344 597 1526 645 adven-

486 679 555 713 teS
590 679 735 714 tuum

232 738 362 787 Cum
385 741 604 802 pecunia.

496 836 1288 873 AGORASTOCLES.

552 896 831 942 Meministis
861 899 1158 945 memoriter:
1191 900 1398 946 servastis
1427 917 1520 947 me.

581 996 618 1028 A
652 997 687 1028 D
728 997 765 1030 V
803 997 835 1029 o
876 998 902 1028 c
945 998 979 1029 A
1018 997 1049 1028 Τ
1088 998 1123 1029 U
1162 997 1199 1030 s.

231 1054 321 1100 Ille
350 1054 557 1117 negabit.
586 1055 908 1116 Milphionem
932 1058 1092 1117 quaeri
1119 1058 1328 1103 censebit
1351 1070 1517 1105 tuum:

233 1127 292 1173 Id
318 1129 581 1190 duplicabit
612 1146 756 1176 omne
782 1130 976 1177 furtum.
1005 1132 1118 1177 leno
1143 1131 1392 1179 addicetur
1416 1132 1517 1178 tibi.

230 1199 310 1246 Ad
338 1216 442 1247 eam
473 1218 577 1248 rem
602 1218 688 1248 nos
723 1219 816 1249 esse
852 1203 978 1249 testis
999 1204 1067 1250 vis
1095 1203 1198 1250 tibi.

490 1303 1299 1338 AGORASTOCLES:

1177 1365 1370 1411 Tenetis
1403 1380 1517 1410 rem.

587 1451 623 1485 A
658 1454 694 1485 D
732 1453 769 1487 V
810 1453 842 1485 o
880 1453 908 1485 c
943 1452 979 1486 A
1015 1452 1046 1485 T
1083 1451 1119 1484 U
1157 1450 1195 1485 s.

232 1511 330 1559 Vix
357 1514 555 1574 quidem
573 1516 755 1574 hercle,
782 1517 847 1561 ita
862 1516 1069 1578 pauxilla
1086 1517 1165 1573 ’st,
1197 1514 1403 1585 digitulis
1421 1514 1519 1575 pri-

482 1589 705 1635 moribus.
1561 1631 1595 1670 ἀ

491 1686 1283 1723 AGORASTOCLES.

229 1745 339 1795 Hoc
372 1744 467 1793 cito
505 1759 554 1793 et
589 1749 761 1795 cursim
797 1761 863 1794 est
896 1749 1151 1813 agendum.
1181 1755 1385 1810 ‚propera
1414 1746 1518 1810 jam'

485 1832 721 1880 quantum
749 1832 916 1881 potest.

586 1921 620 1954 A
657 1923 693 1954 D
731 1922 767 1956 V
806 1923 837 1954 o
877 1923 904 1954 c
944 1922 979 1954 A
1018 1922 1048 1954 'r
1085 1921 1120 1954 U
1157 1922 1195 1955 s.
1309 1961 1313 1964 ,

232 1980 360 2028 Bene
379 1983 481 2028 vale
504 1982 670 2044 igitur!
700 1993 748 2027 te
771 1981 1025 2028 advocatos
1043 1982 1212 2029 melius
1235 1979 1517 2028 celeresdui·
1544 1996 1547 1999 ·

481 2070 610 2100 cere:

227 2126 376 2174 Tardi
404 2144 567 2173 sumus
591 2143 692 2173 nos.
714 2182 717 2186 s

483 2219 1274 2255 AGORASTOCLES.
1420 2254 1424 2258 ,

565 2282 784 2343 Optume
810 2282 911 2338 itis,
931 2294 1147 2343 pessume
1170 2279 1325 2325 hercle
1347 2275 1511 2322 dicitis·

230 2352 370 2420 Quin
396 2354 539 2400 etiam
559 2354 822 2401 deciderint
844 2354 977 2401 vobis
1005 2353 1180 2398 femina
1206 2351 1255 2395 in
1280 2349 1395 2394 talos
1425 2363 1508 2394 ve*

482 2427 578 2472 lim.
746 2431 752 2438 '
