1598 2814
216 151 310 210 wo
442 145 1242 198 TRUCULENTUS
1395 166 1497 202 m2

213 257 376 304 Minus
399 256 481 303 diu
509 256 662 301 lavare
679 289 691 312 ,
708 272 851 316 quam
870 258 982 304 haec
1004 260 1127 307 lavat
1143 259 1470 307 Phronesium.

214 328 263 374 Si
280 329 483 391 proinde
510 341 728 374 amentur
755 330 999 388 mulieres,
1031 331 1116 378 diu
1142 348 1288 394 quam
1304 334 1497 390 lavant,

214 398 397 445 Omnes
430 412 636 445 amantes
658 400 952 446 balneatores
983 401 1114 447 sient.
1179 450 1183 454 ,

572 494 606 526 Α
642 493 664 526 S
703 494 734 527 T
771 495 806 527 A
844 495 870 528 P
912 496 945 528 H
981 496 1000 528 1
1040 495 1075 528 U
1111 496 1169 529 Μ.

214 554 329 602 Non
359 556 464 616 quis
490 573 746 618 parumper
780 557 950 603 durare
969 593 983 615 ‚
1015 556 1307 619 opperirier?

572 644 608 676 D
651 643 668 675 1
707 644 736 675 Ν
775 644 809 676 A
846 645 877 677 R
916 645 942 676 c
979 645 1013 677 Η
1051 643 1084 676 U
1122 642 1160 676 s.

215 701 352 771 Quin
374 701 533 748 hercle
563 703 701 748 lassus
719 703 819 766 jam
846 719 953 749 sum
985 702 1206 749 durando
1235 702 1387 748 miser.

574 788 607 821 A
644 788 666 820 s
705 788 736 820 T
772 789 806 821 A
843 789 869 822 P
907 790 940 822 Η
977 790 997 822 1
1034 789 1069 822 U
1105 789 1160 822 M.

217 847 338 895 Mihi
358 865 555 910 quoque
571 865 681 910 prae
705 848 977 894 lassitudine
998 865 1116 910 opus
1135 859 1202 895 est
1221 858 1276 895 ut
1290 849 1460 896 lavem.

576 935 612 967 D
653 935 672 967 1
709 935 742 967 N
779 935 813 967 A
849 936 882 968 R
919 935 946 966 c
984 934 1019 966 Η
1055 934 1091 966 U
1128 933 1165 967 s.

217 993 312 1040 Sed
334 996 526 1041 obsecro
547 995 727 1050 hercle,
749 987 1028 1054 Astaphium
1042 1029 1055 1051 ,
1070 994 1085 1039 i
1102 994 1242 1050 intro,
1261 1010 1313 1040 ac
1327 992 1499 1039 nuntia

219 1066 301 1112 Me
332 1067 499 1111 adesse.
535 1078 588 1111 tu
618 1066 634 1110 i
665 1082 894 1127 propere,
929 1079 977 1110 et
1010 1065 1151 1110 suade
1177 1067 1278 1130 jam
1309 1075 1366 1111 ut
1398 1063 1502 1110 satis

476 1138 654 1185 laverit.

576 1223 1168 1257 ASTAPHIUM.

216 1276 414 1326 Licet.v
532 1301 618 1322 ⁷·
953 1306 970 1328 ο
1186 1281 1194 1288 “

575 1350 1157 1386 DINARCHUS.

381 1412 559 1460 Audin’
590 1413 765 1459 etiarn?

576 1498 612 1531 A
647 1497 670 1531 S
707 1497 738 1530 T
773 1497 809 1531 A
845 1498 873 1531 P
910 1498 944 1531 H
980 1498 1000 1530 1
1038 1496 1075 1529 U
1100 1497 1168 1531 ·M.

782 1558 919 1627 Quid
939 1557 1038 1603 vis?

579 1648 616 1680 1)
650 1647 672 1679 1
707 1647 740 1679 N
777 1648 812 1678 A
848 1647 882 1680 R
919 1646 947 1678 C
982 1645 1015 1678 Η
1053 1643 1089 1676 U
1125 1642 1164 1676 s.

851 1761 856 1767 .
1048 1704 1130 1751 Dii
1147 1719 1226 1749 me
1247 1702 1503 1765 perduint,

220 1782 328 1851 Qui
360 1791 408 1827 te
441 1780 680 1828 revocavi:
715 1794 817 1826 non
844 1779 931 1824 tibi
958 1778 1186 1823 dicebam.
1218 1777 1421 1823 imodo.

506 1874 513 1878 “
578 1874 609 1906 A
647 1873 670 1906 s
706 1874 736 1905 T
776 1873 807 1904 A
842 1872 870 1904 P
908 1872 942 1904 H
978 1872 997 1904 1
1038 1870 1072 1902 U
1110 1870 1167 1903 M.

223 1935 360 2005 Quid
369 1937 469 1999 jam
483 1952 561 1981 me
579 1932 842 1989 revocabas,
857 1932 1058 1994 inprobe
1071 1929 1306 1990 nihilique
1317 1928 1501 1976 homo?

222 2010 362 2078 Quae
381 2009 469 2055 tibi
490 2009 621 2085 mille
646 2023 863 2068 passuum
885 2004 1071 2067 peperit
1092 2018 1252 2050 morae
1267 2018 1413 2049 mora.

582 2102 618 2133 D
656 2100 675 2132 1
714 2101 744 2132 N
786 2100 817 2131 A
854 2099 887 2132 R
923 2099 949 2131 c
986 2098 1020 2130 H
1056 2097 1091 2129 U
1127 2096 1162 2130 s.
1372 2131 1378 2136 ,

222 2160 318 2207 Sed
339 2162 458 2222 quid
475 2162 589 2207 haec
607 2160 682 2206 hic
699 2172 859 2206 autem
876 2158 1059 2205 tamdiu
1078 2168 1187 2205 ante
1203 2154 1325 2220 aedis
1343 2153 1499 2200 stetit?

221 2235 389 2281 Nescio
417 2252 562 2296 quem
586 2236 861 2296 praestolata
884 2245 974 2279 est:
1005 2232 1146 2278 credo
1162 2264 1175 2287 ,
1204 2228 1416 2274 militem.
1439 2256 1444 2264 ι

217 2310 345 2355 Illud
377 2322 456 2355 est.
498 2309 609 2355 vide
639 2322 693 2355 ut
707 2311 836 2372 jam,
866 2307 995 2368 quasi
1017 2302 1209 2351 volturii
1237 2300 1402 2348 triduo

216 2381 350 2428 Prius
383 2382 745 2444 praedivinant,
774 2398 874 2442 quo
905 2380 982 2425 die
1006 2376 1124 2423 esuri
1145 2374 1286 2420 sient:
