1690 2872
307 139 401 197 462
610 136 1329 186 TRINUMMUS..
1500 155 1597 203 v.9

632 252 1268 291 LESBONICUS.

473 314 686 370 Tunae.
1116 367 1119 369 ,

668 399 1234 435 LYSITELES.

642 460 782 528 Quid
811 463 936 507 male
965 461 1122 508 facio?

635 554 668 587 L
703 555 735 588 Ε
773 555 796 588 s
837 556 865 588 Β
908 555 940 588 o
979 555 1011 588 N
1049 555 1069 587 1
1109 555 1135 587 c
1175 553 1211 586 U
1249 553 1287 587 s.

779 616 935 686 Quod
959 632 1046 680 ego
1067 616 1183 662 nolo
1198 650 1211 673 ‚
1233 615 1286 661 id
1305 631 1460 677 quom
1477 613 1598 662 facis.

669 709 701 742 L
736 710 770 742 Y
809 711 830 744 s
868 711 889 743 1
926 710 959 743 ‘r
993 710 1023 743 E
1061 711 1092 744 L
1126 711 1157 744 F.
1194 709 1233 744 s.

318 764 453 810 Tuae
482 763 547 808 rei
573 763 700 808 bene
720 764 967 810 consulere
988 763 1148 825 cupio.

642 849 673 881 L
707 849 737 881 Ε
779 849 801 882 s
840 849 866 881 Β
907 851 939 883 0
975 850 1009 883 N
1044 850 1066 882 1
1105 850 1133 883 c
1170 848 1205 882 U
1240 847 1280 882 s.

524 910 604 954 Tu
626 909 744 955 mihi
772 926 818 956 es
843 911 1043 967 melior,
1064 926 1212 971 quam
1236 919 1425 974 egomet
1446 908 1599 955 mihi?

318 984 398 1032 Sat
416 985 543 1046 sapio
562 1019 576 1043 ,
609 985 711 1029 satis
731 984 781 1028 in
808 1001 909 1031 rem
929 1001 1050 1044 quae
1078 984 1171 1030 sint
1200 1000 1360 1031 meam
1380 1000 1466 1048 ego
1485 998 1602 1031 con-

572 1057 718 1118 spicio
745 1057 875 1102 mihi.

677 1141 707 1174 1.
745 1141 779 1174 Y
817 1141 838 1174 s
878 1141 899 1172 1
938 1140 968 1172 Τ
1004 1140 1035 1172 Ε
1072 1139 1102 1172 Ι,
1139 1139 1169 1172 Ε
1206 1138 1244 1172 s.

319 1204 397 1251 An
426 1203 477 1250 id
505 1213 571 1249 est
602 1218 760 1264 sapere
779 1236 793 1259 ‚
822 1213 878 1247 ut
911 1201 995 1262 qui
1018 1201 1308 1248 beneficium
1338 1217 1366 1247 a
1388 1200 1601 1249 benevo-

573 1278 701 1323 lente
735 1276 990 1339 repudies?

645 1363 676 1395 L
712 1363 742 1395 E
781 1362 803 1395 s
846 1362 875 1394 Β
916 1361 948 1394 o
986 1361 1018 1394 N
1057 1361 1078 1392 1
1114 1361 1142 1394 c
1180 1361 1216 1394 U
1254 1361 1291 1396 s.

321 1426 527 1473 Nullum
560 1423 850 1471 beneficium
884 1438 982 1468 esse·
1012 1421 1136 1468 duco
1171 1423 1253 1481 id,
1293 1419 1458 1484 quod,
1496 1421 1612 1482 quoi

585 1495 718 1541 facias
736 1531 749 1553 ‚
776 1512 877 1541 non
905 1496 1076 1557 fplacet.

325 1572 431 1618 Scio
466 1588 581 1635 ego,
610 1580 658 1615 et
693 1570 843 1614 sentio
874 1569 1001 1631 ipse,
1034 1568 1156 1629 quid
1186 1584 1320 1631 agam
1339 1601 1354 1625 ‚
1390 1582 1551 1627 neque
1584 1581 1611 1610 a

580 1661 660 1690 me
694 1644 903 1690 officium
936 1644 1135 1707 migrat:
1428 1656 1441 1663 ‘

326 1719 428 1767 Nec
457 1717 549 1763 tuis
577 1716 794 1778 depellor
822 1716 980 1774 dictis,
1008 1715 1129 1777 quin
1146 1714 1330 1762 rumori
1356 1713 1566 1760 serviam.

686 1810 717 1843 1.
753 1809 787 1843 Y
822 1807 844 1841 S
881 1809 902 1842 1
939 1808 971 1841 T
1009 1808 1041 1841 Ε
1075 1808 1107 1842 L
1142 1809 1172 1841 Ε
1211 1808 1245 1841 3.

330 1870 468 1941 Quid
501 1870 600 1917 ais?
637 1871 784 1932 (nam
818 1868 1010 1915 retineri
1038 1884 1260 1931 nequeo,
1304 1866 1423 1929 quin
1455 1864 1612 1913 dicam

585 1958 638 1988 ea
668 1957 788 2003 quae
815 1943 1085 2004 promeres)

330 2016 462 2062 Itane
479 2000 677 2060 tandem
691 2015 888 2078 majores
905 2012 1080 2060 famam
1095 2012 1393 2060 tradiderunt
1407 2008 1492 2081 tibi
1508 2005 1580 2053 tui
1595 2039 1611 2063 ,

335 2089 399 2134 Ut
429 2089 604 2134 virtute
638 2103 806 2132 eorum
844 2097 1087 2148 anteparta
1120 2101 1206 2149 per
1244 2083 1474 2149 flagitium
1508 2092 1618 2138 pet-

595 2160 725 2206 detes
740 2160 761 2205 ?

334 2232 497 2293 Atque
507 2231 680 2278 honori
685 2241 984 2293 posterorum
1001 2240 1199 2275 tuorum
1207 2237 1262 2273 ut
1272 2222 1451 2292 vindex
1463 2221 1613 2278 fieres,

337 2307 450 2352 Tibi
481 2318 712 2368 paterque
745 2320 950 2366 avosque
982 2302 1167 2349 facilem
1190 2298 1300 2345 fecit
1334 2307 1381 2342 er
1422 2296 1614 2356 planam

596 2395 723 2425 viam
792 2405 796 2408 >
