1690 2872
67 2213 72 2216 ¹
135 2216 272 2263 Dico.

968 37 993 55 ἱ

98 153 229 198 v.53
304 105 314 120 '
410 110 679 182 ACTUS
723 134 801 178 11.
854 131 1115 179 sc.1v.
1291 148 1386 196 449

494 253 517 287 s
553 254 585 286 Τ
619 252 654 285 A
692 252 715 285 s
751 252 771 284 1
809 252 851 284 M
886 251 923 284 U
958 251 996 285 s.

103 315 245 363 Satin'
263 325 319 362 tu
349 330 484 361 sanus
517 315 691 360 mentis
712 324 794 359 aut
820 313 967 359 animi
988 314 1061 359 tui
1080 347 1096 370 ‚

104 389 207 459 Qui
231 387 557 434 conditionem
583 387 703 433 hanc
732 386 950 448 repudies
965 386 987 431 ?
1010 402 1124 432 nam
1142 384 1285 436 illum
1296 386 1386 434 tibi

105 461 430 532 Ferentariutp
457 477 550 506 esse
579 461 788 507 amicum
808 462 1062 506 inventum
1084 461 1322 524 intellego.

429 553 460 586 L
497 553 527 585 E
563 552 587 586 S
622 554 651 586 B
689 553 722 586 Ο
758 553 791 586 N
825 553 846 585 Ι
881 553 909 586 C
946 551 982 585 U
1017 552 1055 586 S.

107 613 249 660 Abin’
274 609 387 658 hinc
411 612 648 658 dierecte?

494 697 516 730 s
554 697 585 729 T
622 697 656 729 A
692 695 713 729 s
750 697 771 728 1
807 697 850 729 M
887 695 921 728 U
959 696 995 728 s.

605 756 654 802 Si
680 756 836 801 hercle
861 755 926 822 ire
952 754 1182 815 occipiam
1198 790 1211 812 ‚
1245 767 1386 803 vetes.

432 841 463 874 L
499 841 529 874 Ε
565 842 588 875 s
627 841 654 872 Β
694 841 726 873 o
763 841 797 873 Ν
833 841 854 872 1
889 841 916 873 c
952 840 988 894 Ι]
1024 840 1060 873 s.

110 904 211 950 Nisi
229 904 351 964 quid
369 920 448 949 me
464 903 592 948 aliud
609 903 677 949 vis
692 937 707 960 ‚
731 903 889 949 Philto
904 937 918 959 ‚
940 897 1165 963 respondi
1196 902 1296 948 tibi.

501 976 507 982 ’
562 996 591 1028 P
628 995 663 1027 Η
698 996 718 1029 1
752 995 782 1028 L
820 995 852 1028 T
889 996 935 1028 0.

112 1056 442 1120 Benigniorem
459 1089 473 1112 ‚
498 1055 759 1100 Lesbonice
776 1089 790 1112 ,
827 1065 875 1100 te
903 1055 1047 1112 mihi,
1105 1085 1109 1089 -

118 1128 282 1198 Quam
311 1144 441 1174 nunc
474 1127 688 1188 experior
718 1143 811 1172 esse
829 1162 844 1184 ,
879 1127 1071 1173 confido
1106 1128 1233 1174 fore:

117 1201 242 1247 Nam
272 1212 321 1246 et
347 1203 488 1247 stulte
518 1199 667 1246 facere
684 1235 698 1256 ‚
730 1211 777 1246 et
811 1202 951 1246 stulte
981 1199 1256 1259 famularier,

117 1273 410 1335 Utrumque,
434 1273 720 1330 Lesbonice‚
738 1274 791 1318 in
812 1285 960 1319 aetate
982 1274 1112 1320 haud
1127 1274 1396 1322 bonum’st.

505 1366 527 1398 s
566 1367 596 1399 T
634 1367 669 1399 A
706 1367 728 1400 s
767 1369 787 1400 1
823 1368 866 1400 Μ
902 1365 936 1400 U
974 1369 1014 1402 s.

118 1424 331 1482 Verum,
353 1426 536 1481 hercle,
566 1425 643 1470 hic
675 1425 801 1472 dicit.

442 1507 473 1539 1.
509 1507 540 1540 Ε
577 1507 599 1539 s
638 1508 666 1539 Β
708 1508 739 1539 o
780 1509 812 1540 Ν
848 1509 868 1540 1
904 1509 931 1540 c
968 1509 1003 1541 U
1041 1509 1079 1542 s.

677 1566 890 1613 Oculum
917 1584 1003 1631 ego
1032 1569 1255 1616 effodiam
1284 1570 1402 1631 tibi,

126 1635 176 1684 Si
197 1635 399 1684 verbum
427 1636 679 1683 addideris.

511 1721 1018 1757 STASIMUS.

699 1782 871 1828 Hercle
899 1785 1019 1844 quin
1050 1785 1204 1834 dicam
1227 1801 1401 1836 tamen.

129 1856 252 1902 Nam
277 1854 312 1899 si
338 1853 400 1899 sle
425 1869 528 1900 non
548 1855 707 1901 licebit
729 1890 742 1913 ‚
778 1857 930 1901 luscus
959 1857 1135 1905 dixero.

578 1940 606 1972 P
642 1941 676 1972 H
711 1942 729 1973 1
769 1941 799 1973 L
837 1941 868 1974 Τ
904 1942 949 1974 o.

108 2002 203 2047 'Ita
229 2011 286 2047 tu
317 2015 446 2045 nunc
467 1999 580 2045 dicis
606 1994 707 2046 non
743 2018 836 2047 esse
862 2004 1228 2065 aequiparabiles

133 2072 315 2119 Vestras
344 2088 455 2117 cum
484 2073 649 2117 nostris
676 2072 895 2119 factiones
923 2087 1069 2136 atque
1096 2079 1244 2138 opes?

454 2145 1117 2200 LEsnon‘1cus.,

587 2294 619 2327 1²
654 2293 688 2326 Η
723 2294 744 2326 1
779 2293 810 2326 L
847 2295 878 2327 T
917 2295 965 2327 ο.

235 2351 405 2420 Quid?
426 2367 555 2398 nunc
578 2351 614 2398 si
635 2352 686 2397 in
710 2351 876 2399 aedem
904 2353 964 2399 ad
988 2369 1180 2400 coenam
1198 2358 1406 2418 veneris,

211 2425 298 2472 Vol.
332 2426 422 2472 III.
1131 2427 1167 2472 F
1199 2428 1226 2473 f
