1598 2814
63 159 188 194 v.12
384 140 677 191 ACTUS
727 141 787 189 V.
838 139 944 190 SC.
994 143 1033 189 I.
1250 160 1342 206 501

63 246 259 298 Videbis
273 249 376 314 jam
394 250 490 296 illic
514 265 689 296 navem
703 282 719 307 ,
739 264 836 311 qua
852 249 1039 298 advecti
1061 267 1238 301 sumus.

55 321 238 381 Jubeto
259 321 596 388 Sangarionem
611 356 626 381 ,
646 338 768 384 quae
785 324 1114 390 imperaverim
1131 360 1148 385 ,

63 390 237 445 Curare
256 432 270 455 ,
300 410 356 444 ut
388 397 660 444 efferantur:
699 409 747 444 et
777 409 835 445 tu
859 399 930 445 ito
961 399 1114 446 simul.

60 468 285 518 Solutum
303 471 357 517 ’st
387 471 609 532 portitori
628 471 729 535 jam
757 472 1042 533 portorium.

453 556 477 590 S
514 557 545 590 Τ
580 556 616 591 A
651 557 674 591 S
709 557 732 590 I
769 558 814 592 M
849 557 885 592 U
922 558 962 596 S.

60 615 192 662 Nihil
218 627 286 662 est
311 633 484 664 morae.

415 702 444 736 C
479 703 515 738 Η
550 704 585 738 A
621 705 655 738 R
694 703 738 737 M
772 705 795 737 1
830 705 867 738 D
903 704 934 738 E
972 704 1008 738 S.

501 764 551 821 1,
585 766 632 822 i,
663 765 878 811 ambula!
914 776 1131 813 actutum
1155 765 1272 816 redi.

450 846 473 882 S
511 848 542 881 Τ
579 849 613 882 A
650 848 672 883 S
710 850 731 882 1
768 850 812 883 M
847 850 884 884 U
920 850 960 885 S.

57 905 162 954 nnc
190 921 295 953 sum
313 917 460 969 atque
476 907 554 954 hic
576 925 692 954 sum.

410 993 439 1026 c
474 992 509 1025 Α
545 993 577 1026 1.
614 993 650 1026 L
681 993 703 1030 1
743 994 771 1026 c
805 994 837 1027 1.
874 994 904 1027 Ε
940 993 976 1028 s.

558 1043 768 1106 Sequere
783 1057 839 1092 tu
855 1047 942 1093 hac
958 1064 1036 1094 me
1056 1049 1195 1097 intro.

413 1127 1007 1167 CHARMIDES.

1142 1184 1338 1248 Sequor.

447 1258 470 1292 s
506 1259 539 1293 Τ
572 1259 608 1293 A
644 1259 666 1293 s
703 1261 724 1293 1
759 1262 804 1295 M
838 1262 876 1295 u
912 1261 951 1296 s.

53 1317 147 1365 Hic
171 1333 282 1366 meo
314 1320 431 1366 hero
456 1322 633 1367 amicus
658 1323 782 1368 solus
808 1324 971 1370 firmus
1001 1327 1239 1386 restitit,'‘

56 1390 231 1452 Neque
266 1393 531 1439 demutavit
561 1396 777 1442 animum
806 1398 868 1443 de
891 1398 1024 1444 firma
1045 1399 1156 1446 fide.

55 1463 368 1532 Quamquam
393 1466 577 1511 labores
604 1469 829 1512 multos
803 1482 830 1497 '⁹
852 1471 878 1497 *
898 1471 925 1498 *

54 1535 150 1583 Sed
170 1537 246 1583 hic
274 1553 428 1595 unus,
453 1549 511 1584 ut
541 1555 628 1602 ego
657 1541 891 1601 suspicor,
917 1555 1066 1590 servat
1091 1545 1252 1592 fidem.

54 1612 139 1658 Ob
172 1627 275 1658 rem
296 1612 508 1658 laborem
534 1628 647 1657 eum
681 1629 768 1676 ego
798 1615 970 1677 cepisse
998 1634 1179 1666 censeo.

381 1740 1003 1806 ACTUSV.

469 1844 802 1894 SCENA
893 1849 935 1895 L

405 1943 960 2011 ssYslTELEs.

59 2023 223 2136 HIC
246 2088 394 2135 homo
418 2103 486 2137 est
505 2093 724 2139 omnium
747 2094 1003 2140 hominum
1021 2097 1299 2158 praecipuus
1313 2134 1331 2161 χ

307 2163 631 2225 voluptatibus
654 2158 929 2228 gaudiisque
947 2179 1245 2229 antepotens.

51 2234 125 2279 Ita
142 2236 418 2293 commoda,
446 2254 566 2298 quae
589 2238 755 2299 cupio,
776 2241 1029 2287 eveniunt:
1055 2242 1190 2302 quod
1212 2260 1326 2307 ago,

307 2311 566 2371 assequitur
582 2345 597 2368 ,
628 2312 812 2369 subest,

57 2376 372 2442 Subsequitur
385 2401 398 2434 ;
425 2383 488 2428 ita
516 2383 692 2447 gaudiis
722 2383 949 2450 gaudIum
973 2387 1258 2448 suppeditat.

991 2459 1046 2505 Ii
1082 2475 1108 2520 3
