1598 2814
151 187 241 231 Μ
432 172 496 216 Μ.
564 148 767 217 ACCI
831 171 1149 220 PLAUTI
1335 158 1432 225 ψεῖ

175 302 1396 399 ΑΞΤΒᾹΒΑ,ιαιῑηεοιΙΤΕιιΑΒ-ΙΑ,

141 451 215 563 S
229 528 259 560 Ε
273 528 308 577 ρ.
319 526 351 559 U
363 526 392 559 Ε
406 526 512 581 RE„
531 510 731 581 sequere
745 547 757 570 ,
771 493 1097 576 Polybadis'ce:
1117 529 1276 560 meam
1295 530 1427 576 spem

371 594 445 633 te'
477 586 619 649 cupio
653 586 891 648 consequi.
994 610 1001 614 -
1039 609 1049 614 ·
1149 600 1165 616 ’-

142 670 286 733 Polyb
324 668 512 735 Sequor
553 668 745 713 hercule
781 667 994 747 quidem.
1037 685 1150 714 nam
1176 668 1428 727 lubenter,

402 759 509 788 mea
533 732 738 804 sperata,
761 748 1040 819 consequbr.
1088 746 1090 748 ’

141 823 378 870 AXlthSHe
397 839 639 879 annonam
656 839 808 870 Caram
833 840 859 869 θ
881 823 964 870 vill
987 815 1279 871 Goncmnant
1299 841 1422 873 vins-

142 907 292 977 Quasi
311 907 610 953 tollenonem
631 915 714 952 aut
731 906 887 966 pilum
905 905 1160 970 reciproces
1176 905 1319 966 plana
1336 904 1434 973 via.—

142 989 350 1035 Terebra
382 999 438 1035 tu
473 988 673 1050 quidem
708 986 972 1049 pertundis.

142 1070 267 1115 Dare
294 1070 498 1131 pedibus
528 1071 768 1132 protinam
797 1086 891 1115 sese
917 1069 977 1116 ab
1007 1068 1080 1115 his
1109 1041 1390 1134 regionibus·

140 1149 236 1193 Te1
241 1150 424 1195 ebratus
455 1150 668 1195 multum
701 1150 783 1195 sit:
821 1161 869 1195 et
900 1149 1152 1195 subscudes
1183 1148 1362 1194 addite.

139 1266 263 1312 Haec
287 1267 492 1312 hactenus
523 1239 646 1312 tituio
679 1247 1007 1312 ASTRABAE
1033 1267 1214 1313 laudata
1241 1278 1343 1312 sunt
1371 1267 1423 1313 ab

253 1340 525 1387 Auctoribus.
555 1357 668 1385 nunc
695 1340 886 1404 deinceps
910 1357 1017 1402 quae
1039 1351 1297 1403 sequuntur.

297 1435 302 1439 ⁴
340 1411 806 1458 CLITELLARIAE
829 1414 993 1466 nomine
1020 1413 1226 1467 citantur.

139 1512 262 1558 NON
289 1510 445 1571 quasi,
478 1520 535 1556 ut
562 1510 676 1555 haec
709 1519 823 1554 sunt
850 1509 954 1555 heic
986 1510 1173 1557 limaces
1195 1508 1401 1568 lividae,

138 1585 418 1631 Diobolares
431 1619 444 1641 ,
472 1584 729 1629 scenicolae
744 1618 758 1640 ‚
786 1583 1038 1630 miraculae
1054 1617 1069 1642 ‚
1209 1572 1220 1579 .

140 1658 266 1703 Cum
298 1656 474 1703 extritis
498 1655 627 1712 talis,
652 1671 762 1701 cum
791 1655 963 1701 crotilis
992 1656 1244 1715 crusculis,

138 1732 322 1793 Capillo
343 1730 476 1776 scisso
494 1764 508 1787 ,
538 1740 684 1790 atque
706 1728 932 1775 excissatis
961 1729 1166 1777 auribus.

402 1811 547 1880 Quasi
582 1811 794 1868 tolleno,
824 1811 903 1868 vel

134 1884 292 1929 Pilum
315 1883 550 1937 Graecum
576 1881 830 1943 reciproces
864 1881 1005 1942 plana
1030 1880 1117 1938 via.

134 1956 277 2024 'Quae
301 1954 389 1999 nisi
415 1953 476 1998 sic
502 1954 686 2011 biteris,
713 1954 919 2000 nimium
946 1955 982 2000 is
1001 1952 1228 2021 vegrandi
1251 1951 1415 2018 gradu.

131 2026 223 2072 Pol
252 2026 311 2071 ad
339 2024 630 2082 cubituum,
651 2037 826 2084 mater,
855 2043 996 2091 mage*
1015 2042 1119 2073 sum
1145 2027 1366 2074 exercita:

134 2101 393 2161 Reliquum
411 2135 425 2158 ,
461 2099 530 2145 ad'
546 2105 784 2146 cursuram
817 2119 923 2148 sum
950 2102 1243 2148 tardiuscula.
1296 2118 1299 2119 ⁷

135 2180 283 2250 Quid
290 2191 424 2229 tuam
445 2179 644 2229 amicam
669 2181 807 2230 times
823 2215 835 2238 ,
867 2170 929 2227 ne
953 2192 1001 2227 te
1020 2182 1251 2228 manulea
1250 2181 1414 2245 cajet?

135 2262 360 2308 Prohibet
374 2261 585 2309 divitiis
559 2263 807 2320 maxumis,
826 2239 940 2309 dote
954 2263 1069 2309 altili
1081 2275 1225 2325 atque
1239 2262 1410 2324 opima.

133 2344 428 2408 Expurgabo
439 2346 601 2392 hercle
624 2339 784 2392 omnia
813 2345 874 2391 ad
902 2362 1090 2392 raucam
1120 2345 1280 2391 ravim

133 2423 268 2490 Quae
301 2426 432 2485 quasi
460 2427 701 2473 carnuficis
727 2427 971 2491 angiporta
1002 2425 1256 2489 purgitans.

1512 2264 1534 2293 xv.
