1630 2866
109 164 237 213 mm
369 154 653 208 Aci-us
704 155 805 205 1v.
853 153 961 205 se
1014 157 1132 206 111.
1296 167 1393 221 311

567 279 602 314 G
639 281 672 315 R
708 280 730 313 1
766 280 795 313 P
832 279 868 314 U
901 279 941 315 S.

111 354 220 402 Mea
243 369 386 416 opera
398 386 414 412 ,
432 351 597 399 labore
613 386 628 410 ,
648 363 697 398 et
716 362 819 399 rete
832 386 848 411 ‚
867 362 916 399 et
930 349 1072 398 horia.

471 454 504 486 T
538 454 574 488 R
607 452 642 486 A
676 453 704 487 C
742 453 779 487 H
812 452 848 487 Α
881 451 913 486 I.
948 453 970 486 1
1006 452 1055 486 Ο.

932 512 1067 562 Num
1094 510 1179 573 qui
1205 511 1395 568 minus,

114 585 166 634 Si
194 586 352 634 veniat
390 600 521 631 nunc
554 584 807 641 domium,
847 585 1021 650 quojus
1050 596 1145 643 est,
1181 600 1270 651 ego
1307 584 1392 646 qui

367 658 620 718 inspectavi
651 658 851 724 procul,
1037 686 1061 708 0

117 732 190 777 Te
216 731 346 777 hunc
372 731 571 789 habere,
600 730 675 776 fur
705 747 810 781 sum
827 764 842 788 ‚
870 745 1018 795 quam
1042 730 1129 776 tu?

572 824 607 859 G
642 826 675 866 R
708 826 731 858 I
767 826 797 862 P
833 825 870 860 U
905 824 944 863 S..

849 892 1027 946 Nihilo..

471 988 505 1022 'r
539 989 574 1022 R
608 987 644 1020 A
678 987 706 1020 c
741 987 777 1020 Η
809 987 847 1020 A
881 987 913 1020 1.
946 985 970 1019 1
1006 986 1057 1028 .⁰·

977 1047 1142 1104 Mane,
1161 1047 1395 1110 mastigia!

118 1123 236 1193 Quo
264 1131 545 1187 argumento
579 1119 730 1172 socius
759 1136 861 1167 non
891 1136 1032 1179 sum,
1068 1131 1117 1166 et
1144 1119 1222 1166 fur
1249 1120 1392 1167 sum?

368 1193 441 1240 fac
472 1193 596 1245 dum
625 1208 687 1245 ex
713 1203 761 1238 te
794 1191 946 1237 sciam.

571 1286 605 1319 G
638 1287 674 1326 R
709 1287 730 1319 1
763 1285 793 1318 P
831 1285 868 1318 U
903 1285 943 1319 s.

120 1354 315 1401 Nescio:
338 1371 497 1415 neque
513 1370 601 1418 ego
621 1354 724 1399 istas
740 1365 912 1405 vostras
928 1354 1052 1416 leges
1065 1354 1264 1406 urbanas
1283 1356 1392 1413 scio,

119 1426 218 1474 Nisi
247 1429 389 1488 quia,
410 1429 542 1473 hunc
565 1444 732 1477 meum
758 1444 882 1484 asse,
904 1427 1030 1473 dico.

476 1517 508 1550 ‘r
544 1517 578 1550 R
612 1517 648 1550 A
682 1518 710 1551 c
746 1518 780 1550 11
815 1517 849 1551 A
884 1517 915 1551 1.
950 1517 973 1553 Ι
1009 1518 1055 1552 ο.

676 1577 739 1623 Et
762 1593 849 1641 ego
875 1577 994 1624 item
1012 1593 1105 1623 esse
1125 1578 1199 1642 aj0
1217 1594 1396 1624 meum.

575 1666 610 1707 G
646 1671 682 1704 R
714 1669 736 1703 Ι
770 1669 799 1703 P
837 1668 873 1701 U
907 1667 946 1705 S·
1004 1699 1013 1705 Ι

125 1739 267 1784 Mane
290 1738 415 1802 jam:
438 1738 591 1799 repexi
619 1755 747 1796 rem,
777 1755 876 1800 quo
900 1748 1042 1800 pacto
1068 1753 1156 1786 nec
1178 1737 1283 1798 fur,
1310 1754 1402 1786 nec

384 1826 532 1863 socius
563 1825 658 1858 sles-

141 1912 147 1917 ·
483 1904 516 1936 Τ
551 1905 587 1938 R
620 1903 657 1938 A
691 1903 719 1936 C
754 1902 791 1937 Η
824 1900 862 1935 Α
894 1902 926 1936 1.
962 1903 985 1936 1
1021 1902 1071 1937 0.

127 1959 245 2029 Quo
265 1965 406 2019 pacto
420 1955 443 2001 ?

578 2031 613 2066 G
647 2034 683 2067 R
717 2033 740 2066 1
773 2033 802 2066 P
838 2032 876 2066 U
908 2031 948 2066 S.

209 2099 320 2148 Sine
337 2115 416 2147 me
431 2100 543 2145 hinc
561 2100 714 2146 abiret
745 2111 803 2146 tu
824 2101 903 2146 abi
919 2101 1085 2147 tacitus
1105 2112 1239 2151 tuam
1254 2101 1403 2148 viam:

126 2175 232 2224 Nee
251 2186 308 2222 tu
336 2191 416 2222 me
440 2174 704 2236 quoiquam
722 2174 981 2232 indicassis,
1007 2190 1171 2237 neque
1197 2191 1287 2239 ego
1317 2175 1411 2221 tibi

384 2246 654 2309 quidquam
685 2245 822 2292 dabo.

126 2320 205 2368 Tu
226 2331 407 2371 taceto;
434 2336 522 2384 ego
545 2319 822 2366 mussitabo:
851 2319 946 2368 hoc
969 2314 1233 2382 optumum
1264 2329 1410 2380 atque

381 2394 736 2456 aequissumum
752 2394 819 2440 ἐι

1111 2448 1369 2526 V4'.
