1630 2866
259 159 357 214 '176
574 154 1219 205 PSEUDoLUs‚
1417 174 1542 220 v.53

261 264 387 311 Nam
419 262 519 309 istic
549 261 826 324 symbolum
857 250 924 307 est
949 261 1070 309 inter
1100 263 1270 310 herum
1293 279 1460 309 meum
1497 274 1546 309 et

517 347 660 382 tuum
681 335 742 381 de
765 335 982 382 muliere.

617 437 645 470 P
683 437 707 471 S
743 437 774 469 E
813 436 848 469 U
885 438 921 470 D
938 445 942 450 ’
958 437 989 471 Ο
1026 437 1057 470 L
1094 437 1129 471 U
1165 437 1202 472 S.

261 499 367 548 Scio
396 498 651 561 equidem,
681 510 737 545 ut
767 500 852 560 qui
879 511 1130 563 argentum
1158 486 1371 559 afferret,
1401 511 1546 561 atque

519 590 781 636 expressam
811 576 1068 639 imaginem

261 648 409 697 Suam
434 649 530 695 huc
553 648 615 694 ad
646 664 731 695 nos
745 683 759 706 ‚
787 665 900 695 cum
920 665 978 695 eo
999 649 1124 695 aibat
1143 649 1267 696 velle
1298 649 1425 695 mitti
1440 666 1549 696 mu·-

515 720 693 767 lierem.

261 795 388 843 Nam
408 795 485 842 hic
507 811 708 857 quoque
725 798 1008 858 exemplum
1023 794 1218 858 reliquit
1242 795 1354 860 ejus,
1395 772 1418 800 ⁸

717 904 754 938 H
790 902 826 936 A
860 905 895 938 R
930 904 959 937 P
994 903 1031 937 A
1066 904 1117 938 x.

708 1025 711 1027 ‚
1042 965 1259 1013 Omnem
1280 980 1383 1011 rem
1403 973 1548 1011 tenes.

622 1060 653 1092 P
688 1060 710 1092 s
747 1061 776 1093 E
814 1061 850 1093 U
887 1061 922 1094 D
960 1062 992 1094 o
1029 1062 1060 1094 1.
1097 1060 1133 1095 U
1169 1059 1208 1094 s.

266 1115 405 1186 Quid
424 1131 510 1181 ego
528 1116 578 1161 ni
598 1126 789 1162 teneam
802 1117 824 1161 Ρ

718 1211 753 1244 Η
790 1211 825 1243 Α
862 1212 896 1245 R
934 1212 962 1245 P
999 1210 1034 1244 A
1068 1210 1120 1244 x.

602 1269 728 1318 Dato
749 1287 859 1335 ergo
878 1271 1022 1317 istum
1040 1271 1317 1334 symbolum
1338 1271 1419 1318 illi.

620 1364 1208 1400 PSEUDOLUS.

1406 1418 1516 1465 Lice
1540 1454 1552 1465 .

267 1482 365 1532 Sed
389 1483 510 1545 quid
530 1494 597 1530 est
615 1483 705 1530 tibi
727 1483 939 1530 nomen?
1519 1429 1539 1466 t

720 1578 755 1611 H
790 1578 824 1611 A
860 1579 894 1612 R
929 1578 957 1611 P
993 1577 1029 1611 A
1062 1578 1113 1612 X.

656 1639 861 1701 Harpax.

625 1728 655 1764 P
690 1730 714 1763 S
750 1731 780 1763 E
817 1731 853 1764 U
884 1731 919 1764 D
958 1732 991 1765 O
1027 1731 1057 1764 L
1094 1731 1131 1763 U
1166 1730 1205 1763 S.

721 1790 882 1854 Apage
909 1802 979 1848 te,
1003 1792 1219 1852 Harpax,
1241 1790 1370 1836 haud
1386 1792 1552 1853 places.

270 1866 382 1913 Huc
406 1865 604 1928 quidem
621 1864 779 1909 hercle
797 1863 926 1909 haud
943 1864 1029 1910 ibis
1047 1865 1192 1924 intro,
1222 1880 1283 1909 ne
1308 1865 1428 1926 quid
1446 1865 1553 1926 hat·

522 1957 616 2002 pax
644 1938 814 1985 feceris.
1141 1937 1143 1939 ’

722 2039 759 2073 Η
790 2034 824 2068 A
860 2036 893 2069 R
928 2035 956 2068 P
997 2034 1030 2068 A
1067 2035 1118 2070 x,
1284 2077 1289 2085 ¹

268 2096 441 2144 Hostes
468 2096 602 2144 vivos
631 2113 793 2159 rapere
827 2098 957 2144 soleo
990 2114 1049 2144 ex
1081 2098 1204 2145 acie:
1247 2115 1307 2146 ex
1333 2099 1427 2144 hoc
1460 2110 1551 2143 no-

522 2185 636 2216 men
667 2170 784 2216 mihi
810 2182 887 2217 est.

625 2268 1208 2303 PSEUDOLUS.

270 2326 359 2375 Pol
394 2339 443 2376 te
481 2331 639 2375 multo
682 2330 826 2395 magis
844 2365 858 2391 ‚
898 2331 1070 2392 opinor
1087 2363 1102 2389 ‚
1139 2345 1242 2378 vasa
1281 2326 1551 2398 aheneaxex

524 2403 732 2450 aedibus.
