1630 2866
48 147 177 208 '⁷¹¹3'
375 138 670 188 ACTUS
721 139 779 187 V.
829 139 935 187 SC.
984 141 1044 188 V.
1245 150 1344 208 '413‘

415 259 1007 294 SAGARINUS.

58 332 132 379 Ita
161 345 240 376 me
265 328 348 376 Dii
378 340 570 385 ament,
599 344 870 390 numquam
902 329 1032 376 enim
1054 329 1137 376 fiet
1163 330 1341 386 hodie,

322 404 436 448 haec
468 403 589 464 quin
622 404 756 448 saltet
781 414 956 449 tamen.

49 478 150 543 Age
187 478 337 524 mulsa
369 475 499 522 mea!
537 475 818 523 suavitudo!
854 477 990 522 salta:
1026 477 1205 523 saltabo
1243 493 1332 541 ego

303 548 456 594 simul.

469 637 492 671 s
530 639 562 671 T
597 639 619 672 1
639 619 681 672 'c
718 639 754 672 Η
792 639 828 672 u
867 639 906 674 s.

51 708 334 769 Numquam
359 706 533 768 edepol
553 724 633 753 me
653 708 769 754 istoc
786 709 966 768 vinces,
1004 710 1124 771 quin
1150 725 1238 775 ego
1271 710 1339 758 ibi

302 797 525 844 prunam.

375 881 398 914 s
435 882 465 914 Τ
500 881 531 914 Ε
570 882 600 916 Ρ
636 882 672 915 11
707 882 743 916 A
778 884 812 916 N
847 884 870 916 1
904 883 940 922 p
976 881 1032 915 Μ.

46 948 295 1011 Siquidem
320 948 439 994 mihi
467 950 735 1011 saltandum
750 951 833 1008 ’st,
858 961 967 997 turn
992 967 1075 998 vos
1097 950 1232 1010 date,
1266 953 1337 999 bi-

299 1020 408 1078 bat,
435 1021 630 1068 tibicini.

466 1122 490 1157 S
533 1123 564 1156 '1'
598 1124 622 1156 1
659 1124 686 1157 C
725 1123 761 1157 H
796 1123 833 1156 U
868 1124 908 1159 S.

41 1182 105 1235 Et
128 1181 330 1246 quidem
349 1182 495 1228 nobis.

405 1282 996 1319 SAGARINUS.

309 1354 471 1410 Tene,
494 1351 671 1397 tibicen
686 1385 700 1408 ‚
730 1351 967 1412 primum3
1000 1349 1213 1411 postidea
1236 1353 1331 1399 loci

47 1424 100 1471 Si
122 1427 217 1472 hoc
234 1426 478 1480 eduxeris,
508 1424 709 1485 proinde
740 1434 796 1469 ut
820 1433 1073 1468 consuetus
1099 1423 1294 1470 antehac
1309 1458 1327 1483 ‚

300 1498 511 1544 celeriter

45 1569 280 1631 Lepidam
309 1581 357 1615 et
386 1584 579 1615 suavem
607 1567 922 1614 cantationem
951 1567 1162 1627 aliquam
1198 1569 1326 1614 occi-

296 1642 400 1702 pito
438 1639 726 1686 cinaedicam
742 1674 757 1696 ,

45 1713 140 1760 Ubi
170 1713 582 1775 perpruriscamus·
602 1727 754 1771 usque
800 1725 862 1757 ex
900 1710 1175 1775 tmguiculis.
1211 1712 1326 1758 inde

304 1785 400 1830 huc
429 1800 613 1845 aquam.

45 1859 181 1905 Tene
197 1869 251 1904 tu
268 1858 358 1903 hoc
372 1891 385 1914 ‚
404 1856 579 1902 educe:
604 1855 795 1901 dudum
816 1854 947 1901 haud
964 1855 1143 1916 placuit
1158 1856 1318 1915 potio:

44 1929 189 1975 Nunc
204 1929 361 1973 minus
377 1938 558 1991 gravate
570 1927 670 1989 jam
689 1927 855 1988 accipit
867 1961 880 1984 ,
898 1938 1007 1972 tene
1030 1939 1099 1972 tu.
1118 1927 1324 1986 interim,

46 2002 184 2048 Meus
204 2001 369 2046 oculus
383 2032 397 2056 ,
422 1998 482 2043 da
503 1997 620 2043 rnihi
640 1998 819 2044 savium
832 2033 846 2056 ‚
875 1999 992 2044 dum
1011 1999 1104 2044 illic
1123 1998 1258 2044 bibit.

45 2071 290 2118 Prostibile
314 2082 381 2116 est
402 2080 563 2115 autem
584 2080 786 2115 stantem
807 2071 946 2115 stanti
965 2071 1147 2115 savium

46 2143 171 2191 Dare
194 2143 402 2188 amicum
428 2141 616 2187 amicae.
650 2157 768 2205 euge
792 2143 933 2204 euge!
966 2143 1028 2188 sic
1047 2138 1139 2187 furi
1159 2142 1320 2193 datur!

48 2215 189 2284 Quid
211 2215 387 2280 igitur?
419 2229 715 2275 quamquam
744 2226 955 2278 gravatus
972 2249 987 2272 ‚
1019 2230 1121 2261 non
1155 2215 1323 2261 nocuit

300 2302 472 2335 tamen.

48 2360 149 2427 Age
167 2397 182 2422 ,
207 2363 309 2428 jam
337 2361 451 2408 infla
479 2362 660 2409 buccas.
