1630 2866
213 184 305 219 922
504 168 1148 223 PSEUDOLUS.
1338 196 1497 244 v.1o4

213 281 276 329 Et
306 279 495 325 dudum
529 279 786 327 adveniens
822 285 1066 345 extemplo
1100 286 1378 348 symbolum
1406 307 1499 336 ser-

465 367 528 398 vo
562 364 677 410 tuo,

210 425 329 472 Heri
373 424 578 488 imagine
627 426 922 491 obsignatam
973 430 1219 491 epistolam
1264 433 1340 481 hic
1389 446 1499 482 ante

472 510 662 547 ostium.

667 594 698 627 B
738 595 773 628 A
808 595 839 628 L
874 595 905 628 L
940 595 962 628 I
1001 595 1052 629 Ο.

210 662 324 710 Meo
345 674 402 710 tu
420 663 666 727 epistolam
684 664 857 711 dedisti
874 682 1006 711 servo
1017 665 1040 712 P
1061 667 1181 728 quoi
1199 684 1334 715 servo
1346 668 1371 714 ?

666 770 704 806 Η
739 771 775 804 Α
810 771 846 804 R
880 771 909 804 P
945 770 982 805 A
1015 771 1067 805 X.

852 844 856 848 “
1367 821 1503 888 Syro.

663 902 694 936 B
730 903 767 937 A
803 903 834 936 L
868 901 900 935 1.
937 902 959 935 1
998 903 1046 937 Ο.

211 969 328 1016 Non
354 970 570 1017 confidit.
603 971 895 1034 sycophanta
923 971 1000 1017 hic
1019 987 1232 1033 nequam
1248 971 1323 1017 ’st:
1353 986 1501 1036 nugas

463 1044 723 1090 meditatur
753 1046 890 1090 male.

210 1115 336 1162 Nam
359 1116 489 1170 illam
513 1116 762 1177 epistolam
785 1117 912 1177 ipsus
928 1132 1064 1163 verus
1090 1117 1286 1178 Harpax
1314 1117 1410 1162 huc
1437 1114 1498 1161 ad

463 1205 544 1240 me
568 1188 756 1236 adtulit.

667 1281 704 1314 H
738 1281 772 1314 A
809 1282 844 1314 R
877 1281 907 1314 P
935 1263 980 1315 ”A
1016 1281 1066 1316 x.

211 1348 408 1411 Harpax
443 1364 532 1413 ego
562 1364 735 1396 vocor:
773 1364 860 1412 ego
895 1349 1050 1397 servos
1083 1367 1191 1401 sum
1223 1350 1499 1399 Macedonis

465 1423 649 1468 militis:

210 1497 314 1561 Ego
346 1512 434 1543 nec
453 1496 814 1559 sycophantiose
835 1497 1105 1559 quidquam
1130 1515 1217 1564 ago
1233 1533 1249 1558 ,
1277 1515 1368 1546 nec
1397 1516 1500 1546 ma·-

464 1569 625 1626 lefice,

211 1642 385 1705 Neque
412 1644 557 1688 istum
588 1643 882 1691 Pseudolum
920 1643 1130 1691 mortalis
1154 1645 1241 1705 qui
1266 1645 1324 1690 sit
1352 1644 1467 1691 novi
1480 1655 1500 1702 ,“

466 1728 626 1774 neque
652 1730 762 1760 scio.

727 1810 750 1842 s
789 1810 813 1842 1
849 1809 894 1842 M
933 1810 982 1842 o.

215 1875 320 1933 Tu,
349 1875 441 1921 nisi
466 1877 646 1921 mirum
665 1875 745 1932 ’st,
781 1876 892 1921 leno
908 1910 923 1934 ,
952 1878 1095 1939 plane
1120 1877 1370 1940 perdidisti
1391 1896 1502 1926 mu·-

464 1949 639 1995 lierem.

672 2034 702 2066 Β
739 2034 774 2067 Α
812 2035 845 2069 L
879 2036 911 2069 Ι,
946 2036 968 2069 1
1005 2037 1053 2070 o.

211 2102 400 2165 Edepol
419 2119 507 2149 nae
532 2103 652 2148 istuc
678 2105 823 2167 magis
852 2105 1096 2170 magisque
1123 2116 1317 2165 metuo,
1339 2122 1491 2168 quom

466 2174 615 2222 verba
645 2176 801 2222 audio.

737 2271 986 2307 SIMO.

215 2342 335 2390 Mihi
363 2359 566 2407 quoque
605 2343 780 2405 edepol
804 2343 1099 2408 jamdudum
1130 2344 1209 2390 ille
1242 2342 1384 2406 Syrus
1414 2359 1497 2394 cor

467 2415 809 2480 perfrigefacit,
843 2431 854 2442 ·
