1630 2866
85 151 211 197 ωε
405 140 696 193 ACTUs
749 141 787 187 1.
843 138 941 186 sc.
996 138 1069 184 11.
1274 149 1366 196 423

380 257 1110 300 MEGARONIDES.

88 327 328 377 Omnibus
350 326 506 372 amicis
532 322 667 385 quod
684 321 804 368 mihi
822 333 890 367 est
905 355 919 377 ‚
945 320 1088 381 cupio
1111 333 1203 364 esse
1222 315 1364 362 idern.

290 409 292 411 ’
442 419 469 452 c
506 418 540 451 A
578 415 609 449 1.
645 415 676 448 1.
710 414 731 447 1
767 413 795 446 c
830 414 861 447 1.
896 412 927 446 Ε
965 412 1006 447 s.

88 484 194 531 Eho
211 517 226 540 ,
245 493 328 528 tua
356 494 479 525 uxor
502 476 624 539 quid
650 474 778 539 agit?

380 553 1106 596 MEGARONIDES.

810 614 1076 662 Inmortalis
1108 624 1188 659 est.

90 689 249 745 Vwit,
281 686 559 746 victuraque
589 694 670 728 est.

449 771 476 804 c
513 771 549 803 A
583 769 619 802 Ι,
650 768 681 800 L
716 766 738 798 1
772 765 800 796 c
837 763 868 796 L
905 762 935 795 E
974 763 1012 796 s.

675 826 805 872 Bene
836 824 991 869 hercle
1022 821 1211 867 nuntias
1230 854 1245 877 ‚

92 905 319 966 Deosque
342 919 427 949 oro
444 936 458 958 ,
479 911 535 946 ut
555 900 679 945 vitae
700 910 810 943 tuae
827 906 1053 958 superstes
1076 901 1306 954 suppetat.

381 988 1109 1032 MEGARONIDES.

92 1061 228 1108 Dum
244 1058 442 1121 quidem
458 1056 614 1101 hercle
633 1065 799 1100 tecum
818 1062 973 1113 nupta
989 1050 1046 1095 sit
1060 1084 1074 1106 ‚
1089 1064 1198 1094 sane
1213 1048 1373 1095 velim·

334 1125 350 1141 ‘
447 1143 475 1175 c
513 1142 547 1174 A
583 1142 613 1175 1.
648 1141 679 1174 L
714 1140 735 1173 1
770 1141 797 1173 c
834 1140 865 1172 1.
899 1138 930 1170 E
968 1137 1004 1170 s.

94 1204 202 1252 vin‘
219 1213 554 1250 conmutemus
564 1201 587 1245 ?
599 1212 733 1246 tuam
748 1214 835 1262 ego
847 1197 1036 1253 ducam,
1052 1206 1099 1241 et
1115 1206 1170 1241 tu
1186 1192 1373 1241 meam?

92 1280 219 1326 Faxo
239 1278 370 1325 haud
390 1277 633 1322 tantillum
656 1272 837 1320 dederis
864 1272 1122 1317 verborum
1147 1269 1279 1316 mihi.

383 1355 1112 1395 MEGARON1DES.
1216 1350 1222 1355 “

96 1425 319 1483 Namque
350 1423 480 1466 enim
505 1432 590 1476 tu,
620 1419 789 1476 credo,
822 1417 942 1462 mihi
973 1415 1251 1478 inprudenti
1286 1413 1377 1459 oba

350 1492 552 1554 repseris.

454 1577 482 1609 C
519 1577 553 1608 A
588 1575 619 1608 L
659 1575 690 1607 L
731 1576 750 1608 1
788 1575 815 1607 C
854 1574 886 1608 L
919 1573 950 1606 E
986 1571 1025 1606 S·

100 1641 200 1707 Noe
219 1650 275 1685 tu
290 1639 445 1685 hercle
467 1635 575 1682 faxo
598 1636 730 1680 haud
749 1635 884 1690 scie3‚
906 1649 1053 1694 quam
1069 1648 1171 1677 rem
1190 1630 1346 1695 egeris,

391 1718 1115 1757 MEGARONIDES.

103 1784 313 1840 Habeas»,
337 1794 394 1829 ut
411 1793 596 1827 nactus:
627 1792 743 1827 nota
763 1781 884 1826 mala
905 1795 973 1824 res
988 1813 1002 1835 ,
1026 1789 1225 1840 optuma
1246 1778 1310 1822 ’st-

102 1856 227 1908 Nam
256 1870 344 1918 ego
370 1869 501 1898 nunc
526 1853 562 1897 si
589 1853 801 1917 ignotam
827 1852 1010 1914 capiam
1026 1885 1041 1908 ,
1076 1849 1197 1910 quid
1218 1865 1379 1912 agam,

360 1941 580 1972 nesoram.

461 2011 488 2043 C
523 2010 558 2043 A
593 2009 622 2042 L
659 2009 691 2042 L
724 2009 746 2041 1
782 2009 809 2041 C
843 2008 874 2040 L
910 2007 940 2040 E
977 2006 1015 2041 S.

105 2075 323 2136 Edepol,
348 2072 549 2134 proinde
571 2083 628 2117 ut
656 2054 781 2117 befie
805 2069 981 2116 vivitur
995 2103 1011 2125 ‚
1042 2052 1128 2113 di1'1
1156 2066 1343 2114 vivitur.

400 2152 1117 2190 MEGARONIDE&

108 2219 204 2266 Sed
236 2219 328 2264 hoc
358 2217 575 2263 animum
608 2213 803 2259 advorte
821 2247 836 2270 ,
871 2223 1016 2273 atque
1052 2210 1181 2257 aufer
1210 2211 1385 2257 ridicu-

366 2291 473 2336 laria
497 2309 507 2332 :

106 2364 235 2412 Nam
263 2381 351 2430 ego
383 2363 543 2410 dedita
569 2378 710 2424 opera
738 2361 834 2407 huc
860 2357 921 2404 ad
946 2369 995 2404 te
1026 2356 1244 2403 advenio.
