1598 2814
129 201 293 249 v.209
456 181 1125 239 FRAGMENTA,
1317 185 1408 245 605

130 293 206 340 Ne
229 306 283 340 tu
299 294 506 355 postules
529 291 768 354 matellam
787 306 932 335 unam
948 290 1034 336 tibi
1051 306 1202 352 aquae
1220 290 1411 339 infundi

386 369 437 411 in
463 376 620 427 caput.

134 449 291 495 Herus
317 446 606 508 Amphitruo
640 447 908 507 occupatus.

131 529 271 598 Quae
291 545 339 574 se
356 526 639 574 adveniente
662 527 833 574 morbo
850 542 981 572 nunc
1005 524 1251 572 medicum
1271 526 1373 572 tibi.

132 600 346 648 Enimtu
368 610 492 645 certe
521 609 602 644 aut
627 600 827 645 larvatus
859 611 941 645 aut
969 599 1159 645 cerritus
1186 616 1243 644 es.

132 673 321 735 Edepol
338 672 582 718 hominem
595 682 642 716 te
658 672 903 717 miserum!
923 672 1166 717 medicum
1187 671 1409 731 quaeritaf‘

132 754 393 824 Quoique,
420 770 501 799 me
523 753 737 810 absente,
764 769 934 814 corpus
956 753 1162 816 volgavit
1189 769 1344 799 suum.

130 835 419 902 Exjuravisti
439 846 488 882 te
516 835 634 881 mihi
668 834 778 880 dixe
813 851 899 896 per
924 836 1107 898 jocum.

130 916 235 986 Qui
263 932 467 977 nequeas
498 926 766 962 nostrorum
794 926 901 961 uter
931 915 988 961 sit
1006 914 1293 976 Amphitruo
1324 915 1414 963 de-'

390 1003 590 1033 cernere.

130 1068 229 1114 Nisi
259 1069 350 1115 hoc
382 1068 446 1114 ita
477 1067 657 1113 factum
688 1078 784 1125 est,
815 1067 1017 1129 proinde
1038 1077 1093 1114 ut
1117 1052 1294 1113 facturn
1316 1083 1410 1114 esse

384 1149 611 1195 autumo,

127 1209 243 1257 Non
271 1216 477 1257 caussam
512 1210 633 1256 dico.
656 1226 825 1255 verum
851 1211 938 1271 qui
964 1210 1200 1257 insimules
1218 1213 1411 1273 probri?

130 1290 433 1336 Manifestum
465 1290 595 1335 hunc
625 1289 819 1335 obtorto
848 1290 972 1335 collo
1001 1300 1144 1335 teneo
1174 1289 1344 1337 furem.

128 1368 204 1413 lbi
230 1368 411 1414 scrobes
437 1367 634 1412 effodito
649 1403 661 1424 ,
684 1367 854 1428 duplos
876 1384 1124 1431 sexagenos
1143 1370 1195 1413 in
1220 1369 1327 1414 dies.

132 1447 197 1492 At
214 1461 304 1512 ego
329 1459 452 1493 certe
470 1462 607 1493 cruce
630 1458 676 1493 et
695 1447 900 1492 cruciatu
917 1448 1162 1493 mactabo:
1192 1448 1270 1493 exi
1289 1464 1318 1492 o
1337 1448 1408 1494 fo-

387 1535 455 1564 ras
471 1552 486 1576 ,
507 1519 735 1592 ‘mastigia

494 1650 1033 1697 ASINARIA.

67 1755 115 1792 ‘0
136 1758 248 1826 QUI
262 1759 400 1804 etiam
414 1774 492 1804 me
506 1759 727 1804 miserum
739 1757 972 1803 famosum
987 1755 1166 1819 flagitiis
1180 1755 1287 1801 facit
1301 1756 1404 1801 suis.

127 1835 251 1883 Heic
279 1837 428 1884 aderit
442 1873 456 1895 ,
490 1837 630 1884 credo
647 1873 660 1894 ,
690 1855 917 1902 congerro
945 1854 1094 1883 mem.

450 1994 1090 2043 AULULARIA.

133 2109 244 2156 NEC
275 2122 421 2156 noctu
446 2127 534 2156 nec
553 2112 638 2157 diu
661 2116 845 2172 quietus
868 2131 1101 2176 umquam
1120 2131 1249 2173 eam,
1273 2132 1402 2163 nunc

387 2184 630 2228 dormiam.

389 2262 483 2308 Sed
516 2265 627 2309 leno
655 2264 888 2327 egreditur
913 2264 1045 2318 foras.

136 2335 262 2380 Hinc
294 2350 352 2380 ex
382 2337 570 2380 occulto
594 2353 808 2382 sermone
830 2348 949 2383 satus
971 2338 1220 2403 sublegam.

135 2414 297 2462 Homo
327 2416 578 2463 ebriolatus
609 2433 775 2463 somno
807 2418 949 2464 sanari
974 2420 1102 2464 solet.
