1630 2866
75 191 235 235 mur
389 174 433 223 A
470 171 709 222 CTUS
759 171 819 220 V.
871 171 979 220 SC.
1028 174 1104 220 11.
1286 174 1353 241 87v

77 288 256 334 Iterum
281 283 398 330 mihi
430 293 593 347 gnatus
619 279 812 336 videor,
842 280 954 340 quia
982 290 1030 326 te
1056 281 1219 342 reperi.

494 379 537 411 Μ
574 378 593 410 1
629 378 660 411 1.
695 379 724 411 P
763 377 798 411 Η
832 377 854 410 1
890 379 936 412 ο.

74 443 161 493 Pol
186 447 319 492 istam
346 462 448 491 rern
470 446 604 492 vobis
634 446 759 492 bene
781 447 986 493 evenisse
1011 447 1205 512 gaudeo.

76 519 139 566 Et
165 530 212 566 te
238 520 421 566 moneri
447 534 629 564 numne
655 519 759 565 vis?

550 617 586 651 H
621 617 656 651 A
691 619 726 652 N
761 618 794 651 N
827 617 876 651 0.

764 676 885 723 Sane
916 678 1041 724 volo.

496 767 944 802 MILPRIO.

82 833 280 879 Paterna
310 836 498 896 oportet
524 834 662 881 reddi
693 835 790 880 filio
819 835 961 882 bona.
1101 830 1128 863 ‘

82 903 307 966 Aequom
335 906 391 952 'st
424 906 599 954 habere
634 908 762 954 hunc
794 908 923 955 bona
940 943 955 967 ‚
992 926 1113 970 quae
1144 910 1351 972 possedit

332 991 476 1042 paoet.

565 1055 901 1090 RANNO.

81 1115 227 1163 Haud
255 1118 447 1178 postulo
479 1118 633 1164 aliteri
670 1117 978 1163 restituentur
1010 1117 1183 1164 omnia
1332 1160 1362 1199 9

82 1188 227 1236 Suam
250 1206 353 1236 rern
377 1189 466 1235 sibi
494 1189 666 1236 salvam
694 1189 876 1247 sistam,
914 1189 951 1234 si
981 1189 1063 1235 illo
1095 1190 1347 1238 advenerit.

150 1335 154 1339 ἱ
499 1287 542 1320 Μ
577 1287 598 1319 1
633 1287 664 1320 1.
699 1287 728 1320 P
768 1253 858 1320 11'1
894 1288 943 1321 o.

80 1357 238 1405 Facito
263 1358 318 1404 sis
339 1338 504 1403 reddas
522 1390 539 1414 ‚
564 1354 648 1402 etsi
674 1356 750 1402 hic
771 1356 1004 1403 habitabit
1029 1367 1205 1402 tamen.

562 1450 597 1483 11
632 1450 668 1483 A
703 1452 735 1485 N
774 1453 808 1485 N
844 1453 890 1485 o.

87 1507 225 1576 Quin
246 1524 351 1554 mea
373 1525 568 1570 quoque
596 1510 681 1556 iste
701 1511 897 1559 habebit
912 1547 927 1569 ,
950 1513 987 1557 si
1011 1512 1131 1573 quid
1145 1529 1224 1558 me
1240 1511 1350 1558 fuat.

500 1608 544 1643 Μ
579 1608 600 1640 1
635 1608 667 1642 1.
701 1610 731 1642 P
770 1609 804 1642 Η
838 1610 860 1643 Ι
895 1609 945 1643 0.

83 1663 321 1712 Festivom
355 1663 533 1711 facinus
565 1668 700 1714 venit
735 1669 804 1715 mi
831 1669 884 1715 in
915 1681 1130 1718 mentem
1154 1669 1319 1717 modo.

565 1765 602 1798 Η
636 1766 671 1800 A
703 1767 739 1800 N
772 1769 806 1801 N
842 1768 891 1803 ο.

89 1811 224 1881 Quid
251 1814 304 1861 id
335 1815 439 1862 est?
855 1815 860 1820 '

502 1894 547 1927 M
580 1894 603 1926 Ι
636 1894 668 1927 Ι,
701 1893 730 1926 P
765 1893 801 1926 Η
835 1894 858 1927 Ι
894 1893 943 1927 0.

313 1951 418 1999 Tua
434 1953 491 2000 'st
516 1970 635 2016 opus
665 1970 821 2015 opera.

573 2054 610 2087 Η
644 2054 680 2087 Α
713 2055 746 2088 N
781 2055 816 2087 N
851 2054 899 2088 ο.

740 2112 832 2159 Dic
860 2113 1008 2171 mihi,
1039 2111 1160 2174 quid
1190 2111 1357 2163 lubet?

96 2177 312 2225 Profecto
338 2179 480 2225 uteris
494 2214 508 2237 ‚
539 2190 595 2226 ut
620 2182 749 2228 voles
763 2216 780 2241 ,
811 2198 1005 2244 operam
1029 2201 1198 2242 meam.

96 2248 234 2317 Quid
264 2260 331 2296 est
356 2248 558 2315 negoti?
806 2290 814 2297 .

510 2335 557 2371 M
593 2335 614 2367 1
647 2332 679 2367 L
713 2333 743 2368 Ρ
778 2333 817 2367 Ἠ
841 2334 867 2367 1
904 2334 950 2368 o.
1014 2337 1018 2342 ·

575 2393 728 2440 Potin'
755 2403 811 2440 tu
838 2393 938 2441 fieri
967 2392 1234 2441 subdolus?
