1630 2866
218 185 308 248 146
526 178 1172 228 PSEUDOLUS.
1367 191 1497 238 v.51

672 290 1050 325 BALLIO.

211 365 324 414 Fuit
353 362 529 411 occasio
545 395 560 420 ‚
592 361 627 407 si
658 361 830 419 vellet,
850 359 1144 424 jampridem
1172 370 1422 425 argentum
1444 369 1502 409 ut

467 436 609 483 daret.

574 530 601 563 c
639 528 675 562 A
709 529 741 562 1,
774 529 797 561 1
832 528 869 562 D
905 528 939 562 o
977 528 1012 562 R
1047 526 1083 560 U
1118 526 1160 562 s.

213 600 383 671 Quid,
414 600 450 645 si
478 614 580 645 non
604 596 783 643 habui?

667 691 696 723 Β
734 691 769 724 A
805 691 837 724 Ι.
873 692 906 726 Ι.
940 692 962 725 1
1002 691 1051 725 o.

725 760 961 808 Amabas?
986 760 1220 808 invenires
1243 769 1470 819 mutuom
1481 791 1499 818 ,

211 835 289 882 Ad
319 835 566 882 Danistam
595 834 841 883 devenires
854 870 870 895 ‚
905 835 1100 883 adderes
1135 834 1470 905 fenusculum:

211 908 528 971 Subripuisses
553 908 688 971 patri.

573 1002 602 1034 P
619 978 621 980 ’
641 1001 663 1034 s
702 999 734 1033 Ε
770 999 807 1032 U
843 1001 879 1034 D
919 999 951 1032 o
990 999 1022 1032 L
1057 997 1094 1031 U
1129 997 1168 1032 s,

542 1054 826 1127 Subriperet
854 1065 930 1110 hic
962 1065 1111 1126 patri,
1141 1064 1466 1113 audacissume
1480 1065 1504 1114 ἐ’

213 1142 325 1188 Non
349 1139 582 1202 periclum
600 1139 679 1197 ’st‚
705 1155 766 1184 ne
790 1138 912 1198 quid
939 1148 1065 1184 recte
1092 1147 1338 1183 monstres.

670 1243 698 1274 B
738 1241 772 1275 A
805 1241 837 1275 L
872 1242 904 1275 L
940 1241 963 1274 1
1000 1241 1046 1274 o.

1031 1299 1147 1346 Non
1174 1300 1423 1349 lenonium
1439 1301 1505 1349 ’st-

572 1399 599 1431 C
636 1395 671 1431 A
706 1396 737 1431 L
773 1396 793 1428 1
829 1396 866 1428 D
904 1396 937 1429 Ο
974 1398 1008 1431 R
1043 1396 1080 1429 U
1116 1395 1158 1430 S.

214 1465 363 1530 Egon’
404 1466 525 1529 patri
570 1466 814 1527 subripere
852 1466 1030 1526 possim
1065 1464 1337 1527 quidquam
1354 1499 1370 1526 ,
1407 1478 1505 1514 tam

473 1551 614 1586 cauto
648 1540 783 1586 seni?

217 1611 380 1675 Atque
409 1613 531 1659 adeo
546 1647 561 1671 ,
592 1612 628 1659 si
652 1611 801 1658 facere
825 1629 1037 1674 possem,
1062 1613 1209 1675 pietas
1228 1612 1465 1674 prohibet.

670 1713 699 1745 B
738 1712 773 1745 A
810 1712 841 1745 Ι,
877 1713 908 1746 Ι,
942 1714 965 1746 1
1004 1713 1055 1746 ο.

1320 1762 1496 1811 Audio.

213 1835 443 1882 Pietatem
468 1850 579 1899 ergo
595 1835 730 1881 istam
748 1835 1043 1896 amplexator
1060 1846 1232 1894 noctu,
1250 1853 1339 1898 pro
1353 1838 1506 1884 Phoe-

464 1907 606 1954 nicio.

214 1979 311 2027 Sed
342 1981 573 2042 quoniam
604 1979 833 2042 pietatem
859 1981 1011 2027 amori
1037 1981 1182 2028 video
1210 1993 1258 2028 te
1280 1999 1503 2045 praevor-

475 2063 574 2098 tere
590 2087 604 2110 ‚

215 2125 398 2172 Omnes
422 2126 514 2172 tibi
539 2136 692 2187 patres
710 2127 856 2174 sunt?
885 2129 1026 2174 nullu
1041 2128 1096 2174 ’st
1112 2128 1200 2175 tibi
1217 2161 1232 2186 ,
1252 2142 1400 2189 quem
1423 2140 1500 2171 ro·-

467 2214 544 2262 ges
573 2210 802 2246 mutuom
1420 2216 1425 2220 ’

215 2270 512 2337 Argentum?

571 2349 600 2382 c
636 2349 670 2382 A
707 2349 738 2382 1,
774 2349 795 2382 1
830 2350 866 2382 D
907 2348 940 2383 o
977 2350 1011 2383 R
1049 2347 1085 2380 U
1120 2346 1159 2380 s.

369 2417 505 2485 Quin
522 2432 703 2462 nomen
724 2432 924 2477 quoque
935 2418 1036 2480 jam
1059 2412 1239 2460 interiit
1259 2411 1496 2459 Mutuom.
