<?xml version="1.0" encoding="UTF-8"?>
<!DOCTYPE html PUBLIC "-//W3C//DTD XHTML 1.0 Transitional//EN"
    "http://www.w3.org/TR/xhtml1/DTD/xhtml1-transitional.dtd">
<html xmlns="http://www.w3.org/1999/xhtml" xml:lang="en" lang="en">
 <head>
  <title>
</title>
<meta http-equiv="Content-Type" content="text/html;charset=utf-8" />
  <meta name='ocr-system' content='tesseract 3.04.00' />
  <meta name='ocr-capabilities' content='ocr_page ocr_carea ocr_par ocr_line ocrx_word'/>
</head>
<body>
  <div class='ocr_page' id='page_1' title='image "./comoediaesuperst03plauuoft_0268.png"; bbox 0 0 1630 2866; ppageno 0'>
   <div class='ocr_carea' id='block_1_1' title="bbox 251 196 1536 264">
    <p class='ocr_par' dir='ltr' id='par_1_1' title="bbox 251 196 1536 264">
     <span class='ocr_line' id='line_1_1' title="bbox 251 196 1536 264; baseline 0.002 -17"><span class='ocrx_word' id='word_1_1' title='bbox 251 199 341 260; x_wconf 67' lang='lat'>2632</span> <span class='ocrx_word' id='word_1_2' title='bbox 671 196 1103 248; x_wconf 88' lang='lat' dir='ltr'><strong>RUDENS.</strong></span> <span class='ocrx_word' id='word_1_3' title='bbox 1404 218 1536 264; x_wconf 78' lang='lat' dir='ltr'>v.54</span> 
     </span>
    </p>
   </div>
   <div class='ocr_carea' id='block_1_2' title="bbox 246 305 1533 501">
    <p class='ocr_par' dir='ltr' id='par_1_2' title="bbox 246 305 1533 501">
     <span class='ocr_line' id='line_1_2' title="bbox 246 305 1533 374; baseline 0.003 -21"><span class='ocrx_word' id='word_1_4' title='bbox 246 306 346 354; x_wconf 84' lang='lat' dir='ltr'>Fur</span> <span class='ocrx_word' id='word_1_5' title='bbox 378 305 538 365; x_wconf 77' lang='lat' dir='ltr'>facile,</span> <span class='ocrx_word' id='word_1_6' title='bbox 569 323 718 369; x_wconf 90' lang='lat' dir='ltr'>quem</span> <span class='ocrx_word' id='word_1_7' title='bbox 750 309 1001 367; x_wconf 83' lang='lat' dir='ltr'><strong>observet,</strong></span> <span class='ocrx_word' id='word_1_8' title='bbox 1029 309 1193 357; x_wconf 74' lang='lat' dir='ltr'>videt:</span> <span class='ocrx_word' id='word_1_9' title='bbox 1229 320 1411 369; x_wconf 89' lang='lat' dir='ltr'>custos,</span> <span class='ocrx_word' id='word_1_10' title='bbox 1445 311 1533 374; x_wconf 89' lang='lat' dir='ltr'>qui</span> 
     </span>
     <span class='ocr_line' id='line_1_3' title="bbox 509 380 940 439; baseline 0 -12"><span class='ocrx_word' id='word_1_11' title='bbox 509 380 586 427; x_wconf 86' lang='lat' dir='ltr'>fur</span> <span class='ocrx_word' id='word_1_12' title='bbox 609 383 693 439; x_wconf 88' lang='lat' dir='ltr'>sit,</span> <span class='ocrx_word' id='word_1_13' title='bbox 726 382 887 428; x_wconf 83' lang='lat' dir='ltr'>nescit.</span> <span class='ocrx_word' id='word_1_14' title='bbox 936 417 940 420; x_wconf 79' lang='lat'>-</span> 
     </span>
     <span class='ocr_line' id='line_1_4' title="bbox 252 451 1118 501; baseline 0 -1"><span class='ocrx_word' id='word_1_15' title='bbox 252 451 348 500; x_wconf 86' lang='lat' dir='ltr'>Sed</span> <span class='ocrx_word' id='word_1_16' title='bbox 378 453 501 500; x_wconf 90' lang='lat' dir='ltr'>duce</span> <span class='ocrx_word' id='word_1_17' title='bbox 530 471 609 500; x_wconf 90' lang='lat' dir='ltr'>me</span> <span class='ocrx_word' id='word_1_18' title='bbox 639 453 700 501; x_wconf 85' lang='lat' dir='ltr'>ad</span> <span class='ocrx_word' id='word_1_19' title='bbox 727 455 868 501; x_wconf 82' lang='lat' dir='ltr'>illam.</span> <span class='ocrx_word' id='word_1_20' title='bbox 900 455 986 501; x_wconf 90' lang='lat' dir='ltr'>ubi</span> <span class='ocrx_word' id='word_1_21' title='bbox 1016 454 1118 500; x_wconf 84' lang='lat' dir='ltr'>est?</span> 
     </span>
    </p>
   </div>
   <div class='ocr_carea' id='block_1_3' title="bbox 613 549 1202 585">
    <p class='ocr_par' dir='ltr' id='par_1_3' title="bbox 613 549 1202 585">
     <span class='ocr_line' id='line_1_5' title="bbox 613 549 1202 585; baseline -0.002 -2"><span class='ocrx_word' id='word_1_22' title='bbox 613 549 1202 585; x_wconf 88' lang='lat' dir='ltr'>AMPELISCA.</span> 
     </span>
    </p>
   </div>
   <div class='ocr_carea' id='block_1_4' title="bbox 254 611 1535 750">
    <p class='ocr_par' dir='ltr' id='par_1_4' title="bbox 254 611 1535 750">
     <span class='ocr_line' id='line_1_6' title="bbox 607 611 1535 671; baseline 0.003 -15"><span class='ocrx_word' id='word_1_23' title='bbox 607 612 631 656; x_wconf 89' lang='grc' dir='ltr'>Ι</span> <span class='ocrx_word' id='word_1_24' title='bbox 649 628 758 657; x_wconf 84' lang='lat' dir='ltr'>sane</span> <span class='ocrx_word' id='word_1_25' title='bbox 781 612 831 657; x_wconf 92' lang='lat' dir='ltr'>in</span> <span class='ocrx_word' id='word_1_26' title='bbox 851 612 1050 659; x_wconf 83' lang='lat' dir='ltr'>Veneris</span> <span class='ocrx_word' id='word_1_27' title='bbox 1074 611 1240 659; x_wconf 87' lang='lat' dir='ltr'>fanum</span> <span class='ocrx_word' id='word_1_28' title='bbox 1269 611 1363 659; x_wconf 91' lang='lat' dir='ltr'>huc</span> <span class='ocrx_word' id='word_1_29' title='bbox 1385 613 1535 671; x_wconf 85' lang='lat' dir='ltr'>intro,</span> 
     </span>
     <span class='ocr_line' id='line_1_7' title="bbox 254 682 1130 750; baseline 0.002 -20"><span class='ocrx_word' id='word_1_30' title='bbox 254 682 512 732; x_wconf 89' lang='lat' dir='ltr'>Sedentem</span> <span class='ocrx_word' id='word_1_31' title='bbox 544 684 841 748; x_wconf 88' lang='lat' dir='ltr'>flentemque</span> <span class='ocrx_word' id='word_1_32' title='bbox 877 687 1130 750; x_wconf 88' lang='lat' dir='ltr'>opprimes.</span> 
     </span>
    </p>
   </div>
   <div class='ocr_carea' id='block_1_5' title="bbox 612 779 1208 814">
    <p class='ocr_par' dir='ltr' id='par_1_5' title="bbox 612 779 1208 814">
     <span class='ocr_line' id='line_1_8' title="bbox 612 779 1208 814; baseline 0 -1"><span class='ocrx_word' id='word_1_33' title='bbox 612 779 1208 814; x_wconf 82' lang='lat' dir='ltr'>TRACHALIO.</span> 
     </span>
    </p>
   </div>
   <div class='ocr_carea' id='block_1_6' title="bbox 256 837 1540 966">
    <p class='ocr_par' dir='ltr' id='par_1_6' title="bbox 256 837 1540 966">
     <span class='ocr_line' id='line_1_9' title="bbox 690 837 1540 905; baseline 0 -18"><span class='ocrx_word' id='word_1_34' title='bbox 690 840 754 887; x_wconf 87' lang='lat' dir='ltr'>Ut</span> <span class='ocrx_word' id='word_1_35' title='bbox 774 841 876 905; x_wconf 81' lang='lat' dir='ltr'>jam</span> <span class='ocrx_word' id='word_1_36' title='bbox 903 842 1022 887; x_wconf 90' lang='lat' dir='ltr'>istuc</span> <span class='ocrx_word' id='word_1_37' title='bbox 1043 841 1161 888; x_wconf 89' lang='lat' dir='ltr'>mihi</span> <span class='ocrx_word' id='word_1_38' title='bbox 1188 842 1444 887; x_wconf 87' lang='lat' dir='ltr'>molestum</span> <span class='ocrx_word' id='word_1_39' title='bbox 1463 837 1540 887; x_wconf 86' lang='lat' dir='ltr'>’st!</span> 
     </span>
     <span class='ocr_line' id='line_1_10' title="bbox 256 900 642 966; baseline 0.008 -18"><span class='ocrx_word' id='word_1_40' title='bbox 256 900 350 949; x_wconf 88' lang='lat' dir='ltr'>Sed</span> <span class='ocrx_word' id='word_1_41' title='bbox 374 905 496 966; x_wconf 87' lang='lat' dir='ltr'>quid</span> <span class='ocrx_word' id='word_1_42' title='bbox 523 903 642 951; x_wconf 85' lang='lat' dir='ltr'>flet?</span> 
     </span>
    </p>
   </div>
   <div class='ocr_carea' id='block_1_7' title="bbox 200 991 1547 2487">
    <p class='ocr_par' dir='ltr' id='par_1_7' title="bbox 200 991 1547 2487">
     <span class='ocr_line' id='line_1_11' title="bbox 612 991 1229 1025; baseline -0.002 0"><span class='ocrx_word' id='word_1_43' title='bbox 612 991 648 1024; x_wconf 90' lang='lat' dir='ltr'>A</span> <span class='ocrx_word' id='word_1_44' title='bbox 683 992 726 1025; x_wconf 87' lang='lat' dir='ltr'>M</span> <span class='ocrx_word' id='word_1_45' title='bbox 761 993 789 1025; x_wconf 77' lang='grc' dir='ltr'><strong>Ρ</strong></span> <span class='ocrx_word' id='word_1_46' title='bbox 829 991 858 1024; x_wconf 88' lang='grc' dir='ltr'><strong>Ε</strong></span> <span class='ocrx_word' id='word_1_47' title='bbox 894 992 924 1024; x_wconf 87' lang='lat' dir='ltr'>L</span> <span class='ocrx_word' id='word_1_48' title='bbox 960 992 982 1024; x_wconf 92' lang='lat'>1</span> <span class='ocrx_word' id='word_1_49' title='bbox 1019 991 1041 1025; x_wconf 93' lang='lat' dir='ltr'>s</span> <span class='ocrx_word' id='word_1_50' title='bbox 1078 992 1104 1024; x_wconf 87' lang='lat' dir='ltr'>c</span> <span class='ocrx_word' id='word_1_51' title='bbox 1141 991 1192 1024; x_wconf 86' lang='lat' dir='ltr'>A.</span> <span class='ocrx_word' id='word_1_52' title='bbox 1222 1002 1229 1006; x_wconf 91' lang='lat'>·</span> 
     </span>
     <span class='ocr_line' id='line_1_12' title="bbox 450 1051 1545 1115; baseline -0.002 -17"><span class='ocrx_word' id='word_1_53' title='bbox 450 1052 552 1115; x_wconf 85' lang='lat' dir='ltr'>Ego</span> <span class='ocrx_word' id='word_1_54' title='bbox 574 1053 730 1097; x_wconf 87' lang='lat' dir='ltr'>dicam</span> <span class='ocrx_word' id='word_1_55' title='bbox 750 1053 860 1099; x_wconf 88' lang='lat' dir='ltr'>tibi:</span> <span class='ocrx_word' id='word_1_56' title='bbox 886 1054 975 1097; x_wconf 92' lang='lat' dir='ltr'>hoc</span> <span class='ocrx_word' id='word_1_57' title='bbox 994 1068 1088 1097; x_wconf 90' lang='lat' dir='ltr'>sese</span> <span class='ocrx_word' id='word_1_58' title='bbox 1109 1052 1343 1098; x_wconf 84' lang='lat' dir='ltr'>excruciat</span> <span class='ocrx_word' id='word_1_59' title='bbox 1361 1051 1507 1098; x_wconf 87' lang='lat' dir='ltr'>animi</span> <span class='ocrx_word' id='word_1_60' title='bbox 1525 1086 1545 1109; x_wconf 65' lang='lat'>‚,</span> 
     </span>
     <span class='ocr_line' id='line_1_13' title="bbox 256 1122 1541 1190; baseline 0 -22"><span class='ocrx_word' id='word_1_61' title='bbox 256 1122 386 1190; x_wconf 75' lang='lat' dir='ltr'>Quia</span> <span class='ocrx_word' id='word_1_62' title='bbox 412 1124 523 1169; x_wconf 92' lang='lat' dir='ltr'>leno</span> <span class='ocrx_word' id='word_1_63' title='bbox 559 1124 737 1169; x_wconf 79' lang='lat' dir='ltr'>ademit</span> <span class='ocrx_word' id='word_1_64' title='bbox 767 1125 981 1170; x_wconf 84' lang='lat' dir='ltr'>cistulam</span> <span class='ocrx_word' id='word_1_65' title='bbox 1015 1125 1091 1182; x_wconf 89' lang='lat' dir='ltr'>ei,</span> <span class='ocrx_word' id='word_1_66' title='bbox 1125 1139 1273 1185; x_wconf 82' lang='lat' dir='ltr'>quam</span> <span class='ocrx_word' id='word_1_67' title='bbox 1305 1123 1541 1174; x_wconf 86' lang='lat' dir='ltr'>habebat;</span> 
     </span>
     <span class='ocr_line' id='line_1_14' title="bbox 510 1196 957 1256; baseline 0.004 -16"><span class='ocrx_word' id='word_1_68' title='bbox 510 1196 692 1256; x_wconf 88' lang='lat' dir='ltr'>ubique</span> <span class='ocrx_word' id='word_1_69' title='bbox 726 1196 957 1253; x_wconf 86' lang='lat' dir='ltr'>habebat,</span> 
     </span>
     <span class='ocr_line' id='line_1_15' title="bbox 256 1266 1510 1335; baseline 0.003 -24"><span class='ocrx_word' id='word_1_70' title='bbox 256 1266 356 1335; x_wconf 75' lang='lat' dir='ltr'>Qui</span> <span class='ocrx_word' id='word_1_71' title='bbox 382 1284 488 1313; x_wconf 90' lang='lat' dir='ltr'>suos</span> <span class='ocrx_word' id='word_1_72' title='bbox 511 1280 724 1329; x_wconf 78' lang='lat' dir='ltr'>parentes</span> <span class='ocrx_word' id='word_1_73' title='bbox 755 1285 949 1316; x_wconf 87' lang='lat' dir='ltr'>noscere</span> <span class='ocrx_word' id='word_1_74' title='bbox 977 1280 1157 1332; x_wconf 88' lang='lat' dir='ltr'>posset:</span> <span class='ocrx_word' id='word_1_75' title='bbox 1192 1286 1296 1318; x_wconf 87' lang='lat' dir='ltr'>eam</span> <span class='ocrx_word' id='word_1_76' title='bbox 1319 1279 1510 1317; x_wconf 79' lang='lat' dir='ltr'>veretur</span> 
     </span>
     <span class='ocr_line' id='line_1_16' title="bbox 200 1341 555 1403; baseline 0.003 -16"><span class='ocrx_word' id='word_1_77' title='bbox 200 1387 206 1391; x_wconf 84' lang='grc'><strong>,</strong></span> <span class='ocrx_word' id='word_1_78' title='bbox 254 1341 329 1387; x_wconf 87' lang='lat' dir='ltr'>Ne</span> <span class='ocrx_word' id='word_1_79' title='bbox 355 1342 555 1403; x_wconf 80' lang='lat' dir='ltr'>perierit.</span> 
     </span>
     <span class='ocr_line' id='line_1_17' title="bbox 614 1419 1199 1454; baseline -0.002 -1"><span class='ocrx_word' id='word_1_80' title='bbox 614 1420 645 1452; x_wconf 91' lang='lat' dir='ltr'>T</span> <span class='ocrx_word' id='word_1_81' title='bbox 682 1421 715 1453; x_wconf 87' lang='lat' dir='ltr'>R</span> <span class='ocrx_word' id='word_1_82' title='bbox 750 1420 784 1453; x_wconf 89' lang='lat' dir='ltr'>A</span> <span class='ocrx_word' id='word_1_83' title='bbox 819 1421 847 1453; x_wconf 91' lang='lat' dir='ltr'>C</span> <span class='ocrx_word' id='word_1_84' title='bbox 886 1421 920 1452; x_wconf 91' lang='lat' dir='ltr'>H</span> <span class='ocrx_word' id='word_1_85' title='bbox 957 1419 991 1453; x_wconf 88' lang='lat' dir='ltr'><strong>A</strong></span> <span class='ocrx_word' id='word_1_86' title='bbox 1025 1420 1055 1453; x_wconf 88' lang='lat' dir='ltr'>L</span> <span class='ocrx_word' id='word_1_87' title='bbox 1091 1421 1113 1454; x_wconf 93' lang='lat'>1</span> <span class='ocrx_word' id='word_1_88' title='bbox 1150 1420 1199 1453; x_wconf 76' lang='lat' dir='ltr'>O.</span> 
     </span>
     <span class='ocr_line' id='line_1_18' title="bbox 517 1470 1218 1526; baseline 0 -1"><span class='ocrx_word' id='word_1_89' title='bbox 517 1477 726 1526; x_wconf 87' lang='lat' dir='ltr'>Ubinam</span> <span class='ocrx_word' id='word_1_90' title='bbox 757 1496 810 1525; x_wconf 85' lang='lat' dir='ltr'>ea</span> <span class='ocrx_word' id='word_1_91' title='bbox 840 1479 930 1525; x_wconf 87' lang='lat' dir='ltr'>fuit</span> <span class='ocrx_word' id='word_1_92' title='bbox 958 1470 1218 1526; x_wconf 74' lang='lat' dir='ltr'>cistellula?</span> 
     </span>
     <span class='ocr_line' id='line_1_19' title="bbox 613 1561 1197 1600; baseline -0.002 -2"><span class='ocrx_word' id='word_1_93' title='bbox 613 1565 647 1598; x_wconf 88' lang='lat' dir='ltr'>A</span> <span class='ocrx_word' id='word_1_94' title='bbox 685 1566 728 1598; x_wconf 95' lang='lat' dir='ltr'>M</span> <span class='ocrx_word' id='word_1_95' title='bbox 766 1566 794 1599; x_wconf 90' lang='lat' dir='ltr'>P</span> <span class='ocrx_word' id='word_1_96' title='bbox 826 1561 856 1598; x_wconf 86' lang='lat' dir='ltr'><strong>E</strong></span> <span class='ocrx_word' id='word_1_97' title='bbox 892 1565 922 1598; x_wconf 92' lang='lat' dir='ltr'>L</span> <span class='ocrx_word' id='word_1_98' title='bbox 960 1566 981 1598; x_wconf 90' lang='lat'>1</span> <span class='ocrx_word' id='word_1_99' title='bbox 1018 1565 1040 1600; x_wconf 90' lang='lat' dir='ltr'>S</span> <span class='ocrx_word' id='word_1_100' title='bbox 1078 1566 1106 1598; x_wconf 91' lang='lat' dir='ltr'>C</span> <span class='ocrx_word' id='word_1_101' title='bbox 1148 1564 1197 1598; x_wconf 82' lang='lat' dir='ltr'>A.</span> 
     </span>
     <span class='ocr_line' id='line_1_20' title="bbox 1136 1625 1547 1673; baseline 0.002 -1"><span class='ocrx_word' id='word_1_102' title='bbox 1136 1625 1326 1672; x_wconf 84' lang='lat' dir='ltr'>Ibidem</span> <span class='ocrx_word' id='word_1_103' title='bbox 1354 1626 1405 1672; x_wconf 90' lang='lat' dir='ltr'>in</span> <span class='ocrx_word' id='word_1_104' title='bbox 1437 1627 1547 1673; x_wconf 87' lang='lat' dir='ltr'>navi</span> 
     </span>
     <span class='ocr_line' id='line_1_21' title="bbox 256 1698 1538 1764; baseline 0 -19"><span class='ocrx_word' id='word_1_105' title='bbox 256 1699 502 1747; x_wconf 87' lang='lat' dir='ltr'>Conclusit</span> <span class='ocrx_word' id='word_1_106' title='bbox 529 1702 625 1764; x_wconf 88' lang='lat' dir='ltr'>ipse</span> <span class='ocrx_word' id='word_1_107' title='bbox 656 1702 707 1747; x_wconf 90' lang='lat' dir='ltr'>in</span> <span class='ocrx_word' id='word_1_108' title='bbox 734 1701 983 1757; x_wconf 87' lang='lat' dir='ltr'>vidulum,</span> <span class='ocrx_word' id='word_1_109' title='bbox 1014 1716 1076 1745; x_wconf 90' lang='lat' dir='ltr'>ne</span> <span class='ocrx_word' id='word_1_110' title='bbox 1103 1698 1240 1761; x_wconf 87' lang='lat' dir='ltr'>copia</span> <span class='ocrx_word' id='word_1_111' title='bbox 1271 1710 1385 1745; x_wconf 89' lang='lat' dir='ltr'>esset</span> <span class='ocrx_word' id='word_1_112' title='bbox 1409 1699 1506 1763; x_wconf 87' lang='lat' dir='ltr'>ejus</span> <span class='ocrx_word' id='word_1_113' title='bbox 1523 1734 1538 1758; x_wconf 87' lang='lat'><strong>,</strong></span> 
     </span>
     <span class='ocr_line' id='line_1_22' title="bbox 257 1774 996 1841; baseline 0 -23"><span class='ocrx_word' id='word_1_114' title='bbox 257 1774 361 1841; x_wconf 70' lang='lat' dir='ltr'>Qui</span> <span class='ocrx_word' id='word_1_115' title='bbox 389 1791 495 1820; x_wconf 91' lang='lat' dir='ltr'>suos</span> <span class='ocrx_word' id='word_1_116' title='bbox 529 1786 743 1836; x_wconf 88' lang='lat' dir='ltr'>parentes</span> <span class='ocrx_word' id='word_1_117' title='bbox 772 1782 996 1820; x_wconf 81' lang='lat' dir='ltr'>nosceret.</span> 
     </span>
     <span class='ocr_line' id='line_1_23' title="bbox 613 1859 1197 1894; baseline 0.002 -1"><span class='ocrx_word' id='word_1_118' title='bbox 613 1861 645 1893; x_wconf 85' lang='lat' dir='ltr'>T</span> <span class='ocrx_word' id='word_1_119' title='bbox 681 1861 714 1894; x_wconf 80' lang='lat' dir='ltr'>R</span> <span class='ocrx_word' id='word_1_120' title='bbox 750 1860 784 1893; x_wconf 91' lang='lat' dir='ltr'>A</span> <span class='ocrx_word' id='word_1_121' title='bbox 820 1861 847 1892; x_wconf 88' lang='lat' dir='ltr'>c</span> <span class='ocrx_word' id='word_1_122' title='bbox 884 1860 918 1892; x_wconf 84' lang='grc' dir='ltr'><strong>Η</strong></span> <span class='ocrx_word' id='word_1_123' title='bbox 953 1860 987 1892; x_wconf 87' lang='lat' dir='ltr'>A</span> <span class='ocrx_word' id='word_1_124' title='bbox 1014 1861 1054 1894; x_wconf 67' lang='lat' dir='ltr'>v1,</span> <span class='ocrx_word' id='word_1_125' title='bbox 1090 1859 1112 1893; x_wconf 92' lang='lat'>1</span> <span class='ocrx_word' id='word_1_126' title='bbox 1149 1860 1197 1894; x_wconf 89' lang='grc' dir='ltr'>ο.</span> 
     </span>
     <span class='ocr_line' id='line_1_24' title="bbox 942 1917 1541 1981; baseline -0.002 -16"><span class='ocrx_word' id='word_1_127' title='bbox 942 1918 991 1964; x_wconf 89' lang='grc' dir='ltr'>Ο</span> <span class='ocrx_word' id='word_1_128' title='bbox 1018 1917 1195 1965; x_wconf 84' lang='lat' dir='ltr'>facinus</span> <span class='ocrx_word' id='word_1_129' title='bbox 1223 1918 1509 1981; x_wconf 88' lang='lat' dir='ltr'>inpudicum</span> <span class='ocrx_word' id='word_1_130' title='bbox 1525 1952 1541 1975; x_wconf 88' lang='lat'>,</span> 
     </span>
     <span class='ocr_line' id='line_1_25' title="bbox 256 1991 1539 2061; baseline -0.002 -23"><span class='ocrx_word' id='word_1_131' title='bbox 256 1993 420 2061; x_wconf 74' lang='lat' dir='ltr'>Quam</span> <span class='ocrx_word' id='word_1_132' title='bbox 450 1993 644 2039; x_wconf 87' lang='lat' dir='ltr'>liberam</span> <span class='ocrx_word' id='word_1_133' title='bbox 673 2007 766 2037; x_wconf 90' lang='lat' dir='ltr'>esse</span> <span class='ocrx_word' id='word_1_134' title='bbox 787 1999 1044 2052; x_wconf 65' lang='lat' dir='ltr'>oporteat,¹</span> <span class='ocrx_word' id='word_1_135' title='bbox 1075 1993 1247 2039; x_wconf 88' lang='lat' dir='ltr'>servire</span> <span class='ocrx_word' id='word_1_136' title='bbox 1273 1991 1539 2054; x_wconf 86' lang='lat' dir='ltr'>postulare!</span> 
     </span>
     <span class='ocr_line' id='line_1_26' title="bbox 614 2072 1191 2113; baseline 0.005 -3"><span class='ocrx_word' id='word_1_137' title='bbox 614 2073 648 2111; x_wconf 83' lang='lat' dir='ltr'>A</span> <span class='ocrx_word' id='word_1_138' title='bbox 688 2072 729 2110; x_wconf 83' lang='lat' dir='ltr'>M</span> <span class='ocrx_word' id='word_1_139' title='bbox 766 2079 795 2111; x_wconf 88' lang='lat' dir='ltr'>P</span> <span class='ocrx_word' id='word_1_140' title='bbox 831 2078 860 2110; x_wconf 87' lang='lat' dir='ltr'>E</span> <span class='ocrx_word' id='word_1_141' title='bbox 900 2079 930 2112; x_wconf 90' lang='lat' dir='ltr'><strong>L</strong></span> <span class='ocrx_word' id='word_1_142' title='bbox 961 2076 981 2111; x_wconf 87' lang='lat' dir='ltr'>I</span> <span class='ocrx_word' id='word_1_143' title='bbox 1019 2077 1041 2112; x_wconf 87' lang='lat' dir='ltr'>S</span> <span class='ocrx_word' id='word_1_144' title='bbox 1078 2079 1105 2112; x_wconf 90' lang='lat' dir='ltr'>C</span> <span class='ocrx_word' id='word_1_145' title='bbox 1141 2074 1191 2113; x_wconf 66' lang='lat' dir='ltr'>A}</span> 
     </span>
     <span class='ocr_line' id='line_1_27' title="bbox 257 2137 1539 2200; baseline -0.002 -17"><span class='ocrx_word' id='word_1_146' title='bbox 257 2138 400 2185; x_wconf 88' lang='lat' dir='ltr'><strong>Nunc</strong></span> <span class='ocrx_word' id='word_1_147' title='bbox 429 2156 532 2185; x_wconf 81' lang='lat' dir='ltr'>eam</span> <span class='ocrx_word' id='word_1_148' title='bbox 564 2155 677 2185; x_wconf 89' lang='lat' dir='ltr'>cum</span> <span class='ocrx_word' id='word_1_149' title='bbox 712 2139 820 2185; x_wconf 84' lang='lat' dir='ltr'>navi</span> <span class='ocrx_word' id='word_1_150' title='bbox 853 2139 1026 2186; x_wconf 88' lang='lat' dir='ltr'>scilicet</span> <span class='ocrx_word' id='word_1_151' title='bbox 1050 2139 1243 2186; x_wconf 84' lang='lat' dir='ltr'>abivisse</span> <span class='ocrx_word' id='word_1_152' title='bbox 1271 2153 1459 2200; x_wconf 87' lang='lat' dir='ltr'><strong>pessum</strong></span> <span class='ocrx_word' id='word_1_153' title='bbox 1487 2137 1539 2182; x_wconf 92' lang='lat' dir='ltr'>in</span> 
     </span>
     <span class='ocr_line' id='line_1_28' title="bbox 508 2216 670 2261; baseline -0.012 0"><span class='ocrx_word' id='word_1_154' title='bbox 508 2216 670 2261; x_wconf 85' lang='lat' dir='ltr'>altum.</span> 
     </span>
     <span class='ocr_line' id='line_1_29' title="bbox 258 2284 1536 2351; baseline 0 -20"><span class='ocrx_word' id='word_1_155' title='bbox 258 2286 318 2331; x_wconf 87' lang='lat' dir='ltr'>Et</span> <span class='ocrx_word' id='word_1_156' title='bbox 338 2303 508 2332; x_wconf 83' lang='lat' dir='ltr'>aurum</span> <span class='ocrx_word' id='word_1_157' title='bbox 530 2298 577 2350; x_wconf 80' lang='lat' dir='ltr'>et</span> <span class='ocrx_word' id='word_1_158' title='bbox 595 2296 844 2351; x_wconf 84' lang='lat' dir='ltr'>argentum</span> <span class='ocrx_word' id='word_1_159' title='bbox 864 2287 954 2332; x_wconf 90' lang='lat' dir='ltr'>fuit</span> <span class='ocrx_word' id='word_1_160' title='bbox 971 2287 1154 2333; x_wconf 89' lang='lat' dir='ltr'>lenonis</span> <span class='ocrx_word' id='word_1_161' title='bbox 1173 2301 1318 2333; x_wconf 88' lang='lat' dir='ltr'>omne</span> <span class='ocrx_word' id='word_1_162' title='bbox 1340 2284 1536 2331; x_wconf 87' lang='lat' dir='ltr'>ibidem.</span> 
     </span>
     <span class='ocr_line' id='line_1_30' title="bbox 256 2357 1532 2421; baseline 0.001 -19"><span class='ocrx_word' id='word_1_163' title='bbox 256 2358 409 2404; x_wconf 84' lang='lat' dir='ltr'>Credo</span> <span class='ocrx_word' id='word_1_164' title='bbox 432 2359 642 2420; x_wconf 88' lang='lat' dir='ltr'>aliquem</span> <span class='ocrx_word' id='word_1_165' title='bbox 669 2359 951 2415; x_wconf 83' lang='lat' dir='ltr'>inmersisse,</span> <span class='ocrx_word' id='word_1_166' title='bbox 976 2370 1121 2419; x_wconf 86' lang='lat' dir='ltr'>atque</span> <span class='ocrx_word' id='word_1_167' title='bbox 1150 2374 1262 2404; x_wconf 87' lang='lat' dir='ltr'>eum</span> <span class='ocrx_word' id='word_1_168' title='bbox 1286 2357 1532 2421; x_wconf 83' lang='lat' dir='ltr'>excepisse.</span> 
     </span>
     <span class='ocr_line' id='line_1_31' title="bbox 509 2431 1060 2487; baseline -0.002 -11"><span class='ocrx_word' id='word_1_169' title='bbox 509 2431 560 2476; x_wconf 90' lang='lat' dir='ltr'>id</span> <span class='ocrx_word' id='word_1_170' title='bbox 593 2432 758 2477; x_wconf 84' lang='lat' dir='ltr'>misera</span> <span class='ocrx_word' id='word_1_171' title='bbox 789 2442 963 2477; x_wconf 84' lang='lat' dir='ltr'>maesta</span> <span class='ocrx_word' id='word_1_172' title='bbox 983 2431 1060 2487; x_wconf 85' lang='lat' dir='ltr'>&#39;st‚</span> 
     </span>
    </p>
   </div>
  </div>
 </body>
</html>
