1690 2872
309 167 405 226 445
601 164 1261 217 TRINUMMUS.
1442 182 1595 237 ,νη-

308 277 542 333 ΟΙίῐοΥεε,
572 277 854 338 myropolae
869 312 882 334 ,
906 293 1125 340 aucupes.
1158 279 1307 326 confit
1331 282 1425 327 cito
1443 316 1458 340 ,

310 353 473 422 Quam
499 351 536 396 si
565 363 619 396 tu
652 351 841 415 objicias
868 351 1076 399 formicis
1110 370 1408 416 papaverem.

633 452 1274 489 LESBONICUS.

1405 489 1426 496 ρ

306 514 467 562 Minus
487 514 644 561 hercle
662 515 712 560 in
735 515 861 561 hisce
880 515 1022 562 rebus
1037 527 1254 564 sumtum
1271 517 1328 564 ’st
1343 533 1424 564 sex
1442 519 1597 566 minis.

699 617 722 651 S
761 618 791 651 T
828 618 863 652 A
899 618 921 651 S
952 587 977 651 ιΙ
1015 619 1058 652 M
1095 618 1131 651 U
1168 618 1204 652 S.

308 681 474 751 Quid,
507 680 642 742 quod
667 679 838 726 dedisti
862 679 1058 727 scortis?

635 776 667 810 L
702 777 732 809 E
771 775 794 810 S
833 776 862 809 Β
900 776 933 810 Ο
968 776 1003 811 N
1039 775 1061 809 I
1099 776 1127 810 C
1166 775 1203 808 'U
1241 773 1280 810 S.

1101 835 1297 883 Ibidem
1324 851 1422 884 una
1446 837 1602 885 traho..

700 928 723 962 S
761 929 792 962 T
829 931 864 963 A
902 929 924 964 S
960 929 982 962 1
1020 930 1061 963 M
1100 929 1135 962 U
1170 928 1208 964 S.

308 994 479 1065 Quid,
509 991 646 1054 quod
680 1008 795 1055 ego
801 991 1108 1037 defraudavi?

632 1085 664 1118 L
698 1084 730 1118 E
770 1084 792 1117 s
830 1086 859 1130 Β
899 1085 930 1116 o
967 1085 999 1117 N
1036 1086 1055 1118 1
1091 1085 1117 1116 c
1156 1085 1192 1118 U
1227 1083 1265 1118 s.

831 1127 985 1189 Hem!
1013 1144 1097 1189 ista
1120 1144 1238 1190 ratio
1264 1133 1493 1191 maxuma
1515 1157 1598 1193 est.

485 1277 487 1280 ,
659 1236 661 1238 ’
699 1240 723 1275 S
759 1240 791 1274 T
828 1239 862 1273 A
901 1240 924 1273 S
959 1240 981 1273 1
1016 1241 1062 1274 M
1098 1240 1134 1274 U
1170 1240 1208 1275 8.

308 1303 422 1351 Non
455 1302 544 1349 tibi
568 1299 689 1346 illud
719 1314 941 1362 apparere
957 1334 971 1358 ,
1001 1299 1037 1345 si
1062 1316 1213 1346 sumas
1230 1333 1244 1357 ‚
1280 1310 1464 1362 potest:

308 1377 410 1424 Nisi
436 1387 492 1423 tu
523 1374 773 1420 inmortale
807 1390 908 1420 rere
941 1390 1035 1420 esse
1066 1385 1317 1438 argentum
1351 1374 1454 1420 tibi.

310 1449 451 1507 Sero,
477 1459 622 1508 atque
646 1447 813 1502 stulte,
831 1446 969 1511 prius·
984 1445 1121 1507 quod
1145 1457 1342 1492 cautum
1361 1446 1603 1508 oportuit,

309 1525 572 1584 Postquam
597 1519 809 1566 comedit
830 1535 932 1566 rem
951 1554 964 1578 ‚
988 1530 1097 1582 post
1119 1519 1356 1565 rationem
1383 1529 1536 1583 putat.

640 1616 671 1650 L
707 1617 738 1650 Ε
777 1613 799 1650 s
838 1616 866 1648 Β
907 1615 939 1648 o
977 1615 1011 1648 N
1046 1615 1068 1647 1
1106 1616 1134 1650 c
1171 1615 1207 1648 U
1242 1613 1281 1648 s.

312 1678 637 1741 Nequaquam
672 1676 852 1756 argenti
881 1676 1001 1722 ratio
1027 1685 1255 1759 conparet
1283 1685 1458 1722 tamen.

705 1769 728 1804 S
765 1770 796 1803 T
831 1768 867 1802 A
903 1768 925 1802 S
962 1769 986 1802 1
1022 1770 1067 1804 Μ
1102 1769 1139 1803 U
1176 1769 1217 1803 S.

315 1839 454 1888 Ratio
478 1837 704 1899 quidem,
721 1836 900 1893 hercle,
921 1845 1126 1897 apparet.
1149 1844 1399 1899 argentum
1424 1824 1606 1891 emerat}

315 1913 468 1958 Minas
501 1908 811 1972 quadraginta
845 1907 1060 1968 accepisti
1095 1924 1122 1952 a
1154 1906 1376 1964 Callicle,

317 1987 380 2033 Et
401 1985 480 2032 ille
503 1983 628 2031 aedis
657 1982 738 2029 abs
765 1992 813 2027 te
834 1980 1015 2043 accepit
1040 1980 1318 2043 mancupio.

646 2080 1306 2117 LESBONICUS.·

1305 2129 1603 2180 Admodum.

777 2210 807 2244 P
847 2210 882 2243 H
918 2210 939 2243 1
975 2210 1005 2242 L
1043 2210 1074 2243 T
1113 2209 1164 2243 o.

325 2274 413 2321 Pol
429 2307 443 2331 ,
478 2273 648 2335 opinor
665 2305 680 2329 ,
713 2272 860 2317 affinis
892 2283 1050 2317 noster
1074 2270 1198 2317 aedis
1219 2268 1447 2317 vendidit.

328 2347 461 2390 Pater
488 2361 640 2405 quom
661 2359 856 2407 peregre
878 2343 1038 2389 veniet
1052 2377 1064 2400 ‚
1089 2343 1138 2387 in
1161 2351 1298 2402 porta
1321 2353 1387 2386 est
1409 2341 1540 2388 locus
1554 2373 1571 2399 ‚

330 2416 430 2461 Nisi
454 2416 576 2462 forte
609 2418 661 2462 in
682 2428 901 2465 ventrem
931 2415 1031 2461 filio
1057 2413 1355 2474 conrepserit.
