1630 2866
71 153 201 202 262
360 149 651 199 ACTUS
705 150 780 197 11.
835 150 943 199 SC.
986 153 1063 199 11.
1257 172 1351 222 177¹

522 271 557 305 Η
595 271 630 304 A
667 272 700 304 R
734 271 763 304 P
800 271 836 305 A
870 271 921 305 X.

70 329 183 377 Non
204 329 270 377 ita
295 341 375 377 est.
404 332 487 378 sed
507 331 614 376 scin'
635 330 756 391 quid
785 341 834 376 te
865 347 1019 390 orem,
1037 330 1186 397 Syre?

430 425 459 458 P
498 423 520 457 s
556 423 587 456 Ε
623 423 658 456 U
696 423 733 455 D
770 423 803 457 o
839 423 872 456 1.
908 423 945 456 U
980 423 1020 458 s.

908 481 1062 531 Sciam
1074 519 1090 543 ,
1109 485 1147 531 si
1165 485 1346 536 dixeris.

523 567 559 600 H
596 567 630 600 A
665 567 701 602 R
733 567 763 600 P
798 566 835 600 A.
868 568 918 602 X·

69 628 170 693 Ego
196 628 420 676 devortor
444 639 573 673 extra
595 639 785 690 portam
801 629 896 674 huc
926 629 979 674 in
997 630 1240 679 tabernam
1256 645 1350 681 ter-

331 701 448 745 tiam
466 733 482 758 ,

67 770 217 833 Apud
243 787 389 817 anum
414 760 545 816 {llam
576 770 831 830 donantem,
868 772 1095 832 cludam,
1123 790 1346 837 crassam,

322 844 613 916 Chrysidem.

422 936 452 969 P
493 935 517 969 s
549 936 581 970 Β
617 938 654 972 u
688 938 725 971 D
762 938 796 972 ο
834 917 866 972 Ιῤ
901 938 938 972 u
971 939 1010 973 s.

68 993 208 1065 Quid
220 1010 352 1042 nunc
375 995 478 1041 vis?

518 1072 918 1108 HARPAX.

163 1141 166 1145 ·
213 1129 335 1176 Inde
349 1140 408 1177 ut
421 1147 501 1176 me
519 1147 732 1190 arcessas,
755 1133 892 1179 herus
908 1145 1018 1180 tuus
1035 1135 1123 1183 ubi
1142 1141 1341 1189 venerit.
1410 1147 1417 1149 “

416 1224 447 1257 P
481 1223 504 1257 s
538 1225 569 1257 Ε
604 1226 640 1260 U
676 1227 711 1259 D
752 1227 785 1260 o
821 1227 853 1260 1.
889 1227 925 1260 U
960 1227 999 1262 s.

63 1281 178 1330 Tuo
198 1283 454 1345 arbitratu,
480 1300 718 1331 maxume.

516 1380 911 1416 HARPAX.

653 1442 776 1488 Nam
794 1455 849 1489 ut
867 1446 1007 1490 lassus
1024 1449 1135 1493 veni
1155 1449 1306 1504 devia
1320 1485 1336 1510 ,

66 1501 149 1549 Me
171 1505 286 1551 volo
314 1519 486 1551 curare.

422 1589 999 1627 PSEUDOLUS.

492 1649 611 1697 Sane
636 1653 777 1713 sapis,
804 1665 852 1699 et
878 1655 1127 1702 consilium
1154 1659 1336 1719 placet:

64 1713 160 1761 sed
186 1718 299 1765 vide
328 1719 415 1777 sis,
450 1737 512 1767 ne
539 1723 588 1767 in
620 1724 895 1783 quaestione
924 1726 1009 1787 sis,
1038 1730 1234 1789 quando
1266 1750 1339 1780 az-

312 1807 510 1850 coesam,
540 1794 670 1857 mihi.-

511 1887 547 1922 Η
582 1889 615 1923 A
652 1891 686 1924 R
719 1891 749 1924 P
787 1891 823 1925 A
857 1892 907 1926 x.

65 1937 203 2007 Quin
219 1940 304 1987 ubi
318 1945 551 2004 prandero
566 1982 581 2005 ‚
609 1949 734 1995 dabo
752 1967 944 2012 operam
967 1969 1153 2000 somno.

420 2039 999 2082 PSEUDOLUS.

432 2146 434 2148 ,
1010 2100 1132 2149 Sane
1158 2119 1337 2152 censeo.

506 2165 550 2210 fl
584 2169 619 2201 A
654 2169 689 2203 R
721 2170 751 2204 Ρ
785 2171 822 2205 A
854 2175 907 2208 x.

66 2211 207 2261 Nunc
234 2215 356 2276 quid
378 2216 478 2263 vis?

421 2301 1027 2346 PSEUDOLUSs

448 2363 727 2415 Dormitum
757 2383 812 2417 ut
835 2369 984 2419 abeas.

135 2432 223 2480 Vol.
258 2436 349 2482 ΙΙΙ.
1056 2447 1114 2497 M
