1598 2814
221 160 314 222 496
525 145 1202 204 TRINUMMUS.‘
1379 167 1508 220 v.54·

582 276 609 308 c
646 275 679 308 Η
716 274 750 308 A
787 273 821 310 R
857 273 900 306 M
935 275 958 306 1
991 275 1027 308 D
1066 276 1096 308 Ε
1133 275 1173 310 s.

688 343 766 390 Ha
791 343 997 389 nimium
1013 376 1028 401 ,
1047 343 1242 392 Smime
1254 378 1270 404 ,
1287 343 1506 403 saevitess!

610 438 632 472 s
671 436 703 471 T
739 437 775 471 A
812 437 835 471 s
871 438 894 471 1
929 438 971 471 M
1009 436 1046 471 u
1081 411 1125 471 s}

220 505 389 553 Emere
421 506 571 552 meliu
587 506 642 553 'st
654 542 667 565 ‚
686 506 804 568 quoi
822 506 1036 567 imperes.

583 599 610 632 C
648 600 682 633 H
719 598 755 632 A
795 600 828 633 R
864 597 907 632 M
944 599 964 631 1
1000 597 1036 631 D
1070 597 1103 633 E
1140 596 1180 632 S.

544 669 634 715 Pol
663 685 752 733 ego
777 669 872 716 emi
888 703 901 726 ‚
931 680 1077 731 atque
1100 679 1352 734 argentum
1378 667 1508 716 dedi.

219 739 318 788 Sed
337 740 372 787 si
390 757 493 787 non
514 741 644 787 dicto
664 740 862 786 audiens
884 752 952 787 est
968 775 982 799 ,
1008 741 1135 802 quid
1156 737 1277 805 age?

611 835 634 869 s
671 823 710 868 ‘r'
740 836 774 870 A
814 836 837 869 s
875 837 897 870 1
933 838 976 871 M
1014 836 1050 869 U
1087 836 1126 870 S.

962 897 1038 945 Da
1060 913 1292 963 magnum
1313 898 1510 948 malum.

570 991 598 1023 c
636 990 671 1023 Η
709 991 744 1023 Α
782 993 816 1024 R
853 991 896 1024 M
933 991 952 1023 1
989 992 1025 1024 D
1064 991 1095 1024 Ε
1133 990 1172 1024 s.

220 1057 349 1104 Bene
369 1073 559 1103 mones:
586 1059 651 1103 ita
675 1058 825 1103 facere
843 1070 1029 1103 certum
1055 1059 1120 1104 ’st.

610 1151 633 1184 s
673 1151 703 1184 T
741 1151 777 1183 A
813 1150 835 1184 s
871 1151 892 1183 1
929 1149 971 1183 M
1008 1150 1044 1183 U
1079 1151 1120 1184 s.

642 1207 645 1210 ⁴
833 1217 933 1263 Nisi
964 1217 1166 1279 quidem
1189 1234 1236 1266 es
1254 1218 1504 1268 obnoxius.

576 1310 602 1342 c
638 1309 671 1342 H
706 1307 741 1342 A
775 1312 810 1344 R
850 1311 892 1344 M
927 1312 948 1344 1
984 1312 1022 1344 D
1059 1311 1090 1345 E
1127 1312 1166 1346 s.

220 1377 267 1425 Si
296 1378 451 1425 bonus
480 1389 574 1434 est,
610 1377 849 1423 obnoxius
877 1395 1014 1426 sum:
1046 1379 1118 1425 sin
1145 1396 1275 1428 secus
1306 1392 1402 1440 est,
1437 1381 1506 1430 fa-

473 1450 593 1495 ciam
626 1451 699 1496 uti
719 1451 878 1514 jubes.

613 1542 635 1576 S
675 1543 706 1575 T
743 1543 779 1575 A
817 1543 839 1577 S
876 1544 898 1576 1
935 1543 978 1576 M
1014 1544 1050 1578 U
1086 1543 1124 1579 S·

219 1613 357 1683 Quid
379 1613 430 1659 id
451 1613 511 1658 ad
540 1629 619 1658 me
651 1612 857 1670 adtinet,
892 1613 1094 1662 bonisne
1123 1617 1262 1666 servis
1295 1628 1353 1664 tu
1374 1628 1506 1667 utase

473 1702 533 1731 an
564 1686 736 1731 malis?

575 1781 602 1812 C
639 1779 673 1813 H
710 1780 744 1812 A
782 1782 816 1814 R
854 1780 898 1817 M
931 1782 953 1814 Ι
989 1783 1025 1815 D
1062 1783 1092 1816 E
1128 1783 1169 1817 S·

220 1851 352 1920 Quia
375 1851 495 1898 boni
518 1851 730 1912 malique
757 1851 809 1896 in
837 1867 888 1897 ea
914 1867 965 1897 re
989 1868 1091 1914 pars
1114 1851 1201 1907 tibi
1221 1863 1303 1898 est.

612 1951 1113 1987 STASIMUS.

1101 2014 1288 2060 Partem
1311 2014 1503 2072 alteram

219 2083 334 2130 Tibi
361 2085 587 2147 permitto
602 2119 615 2141 ‚
640 2085 770 2130 illam
795 2085 988 2132 alteram
1013 2086 1075 2132 ad
1090 2103 1197 2145 me,
1221 2086 1356 2148 quod
1379 2085 1499 2132 boni

479 2168 546 2203 est
561 2192 574 2215 ,
608 2157 853 2219 adponito.
1374 2175 1380 2180 ’

574 2251 1162 2287 CHARMIDES.

221 2316 269 2363 Si
294 2318 377 2364 eris
407 2319 605 2365 meritus
621 2354 635 2377 ‚
662 2319 757 2364 fiet.
787 2321 869 2365 sed
893 2323 1068 2384 respice
1093 2321 1156 2376 a,d
1176 2335 1255 2366 me
1274 2319 1389 2380 hue!
1410 2337 1499 2387 ego

474 2410 580 2439 sum
609 2393 898 2442 Charmide&
