1630 2866
209 208 300 252 240
630 187 1062 236 RUDENS.
1395 201 1488 238 v.1

291 369 1432 436 A<3TtJSIVR1h1Us„

602 514 1094 578 SCENA'L

558 669 1145 705 SCEPARNIO.

200 725 378 838 PRO
404 789 486 836 Dii
509 786 807 835 inmortales!
835 799 1167 850 tempestatem
1186 789 1491 854 quojusmodi

198 864 455 925 Neptunus
489 863 628 909 nobis
658 874 803 908 nocte
834 863 921 908 hac
945 862 1073 908 misit
1099 864 1357 924 proxuma!

199 937 398 983 Detexit
435 948 604 984 ventus
635 937 811 982 villam.
853 935 975 997 quid
1009 935 1164 982 verbis
1198 953 1299 998 opu
1320 935 1407 982 'sti’

199 1011 313 1056 Non
346 1021 514 1055 ventus
548 1010 640 1055 fuit
659 1044 672 1066 ‚
703 1026 875 1054 verum
900 1009 1166 1055 Alcumena
1195 1008 1438 1073 Euripidi:

199 1083 272 1127 Ita
302 1081 454 1126 omnis
489 1080 549 1125 de
580 1091 707 1125 tecto
736 1081 1008 1125 deturbavit
1043 1082 1222 1144 tegulas
1240 1115 1256 1139 ‚

199 1153 467 1201 Illustrioris
499 1152 612 1198 fecit
632 1186 646 1210 ‚
685 1152 1004 1213 fenestrasque
1033 1152 1223 1199 indidit„

563 1299 1116 1347 SCENAII.

237 1427 917 1472 PLEUSIDIPPUS,
966 1434 1453 1472 DAEMONES,

594 1530 1098 1567 SCEPARNIO.

462 1660 1224 1695 PLEUSIDIPPUS.

195 1714 329 1826 ET
360 1793 444 1824 vos
480 1794 506 1822 a
535 1777 699 1823 vostris
729 1776 910 1823 abduxi
944 1777 1171 1840 negotiis,

197 1852 373 1913 Neque
401 1852 451 1897 id
481 1851 703 1913 processit
720 1885 732 1907 ,
771 1868 867 1911 qua
893 1867 974 1897 vos
1004 1851 1122 1897 duxi
1152 1853 1293 1916 gratia
1310 1889 1324 1910 ‚

197 1925 372 1986 Neque
407 1926 542 1986 quivi
573 1927 797 1970 lenonem
825 1925 886 1970 ad
919 1936 1118 1986 portum
1144 1925 1451 1987 prehendere.

195 1997 293 2044 Sed
322 2014 429 2043 mea
455 1997 629 2044 desidia
657 2013 791 2058 spem
818 1997 1031 2043 deserere
1059 1999 1222 2044 nolui:

195 2072 268 2119 Eo
301 2088 413 2127 vos,
451 2071 615 2127 amici,
649 2071 836 2116 detinui
863 2070 1054 2117 diutius.

195 2145 339 2191 Nunc
364 2144 457 2190 hue
489 2145 551 2190 ad
585 2143 783 2190 Veneris
811 2143 977 2190 fanum
1002 2145 1145 2191 venio
1178 2146 1350 2195 visere;
1387 2175 1392 2179 ·

195 2219 291 2265 Ubi
319 2234 422 2264 rem
457 2219 669 2266 divinam
705 2236 751 2264 se
781 2218 1021 2266 facturum
1053 2219 1246 2265 dixerat.

557 2306 579 2339 s
620 2306 646 2337 c
685 2305 714 2336 E
750 2305 779 2337 Ρ
815 2304 850 2337 A
886 2306 917 2338 R
953 2306 985 2338 N
1022 2306 1042 2338 1
1080 2306 1127 2338 o.

195 2364 244 2412 Si
277 2366 480 2428 sapiam,
514 2367 636 2423 hoc,
671 2365 807 2429 quod
843 2383 923 2413 me
957 2376 1160 2422 mactat,
1194 2363 1478 2411 concinnem

398 2461 402 2466 -
448 2439 620 2483 lutum.
