1598 2814
126 184 283 232 2128
448 185 1144 233 FRAGMENTA.-
1309 187 1405 234 601'

461 294 507 340 T
540 293 584 340 R
614 293 639 339 1
673 292 718 339 G
750 292 790 339 E
821 291 876 338 M
906 292 931 338 1
962 291 1010 337 N
1040 292 1075 337 Ι.

55 361 57 363 ¹
126 390 197 439 N1
228 390 476 456 fugissem,
500 386 719 435 medium
749 386 893 434 credo
920 387 1273 449 praemorsisset.

459 520 1082 584 vlnuLARIA

94 611 98 614 ’
129 621 230 670 UBI
244 637 487 685 quamque
500 620 676 684 pedem
688 620 900 678 videbat,
911 619 1224 666 suffurabatur
1234 621 1400 668 omnis.

125 704 293 750 Nescio
315 703 402 765 qui
427 718 580 748 servos
607 718 634 747 e
656 711 864 764 myrteta
894 701 1124 762 prosiluit.

123 781 338 845 Paupera
366 785 479 830 haec
505 799 578 829 ιω
600 792 681 830 est.

122 859 358 922 Opposita
375 873 443 908 est
459 861 725 907 claxendix.
738 871 786 907 at
794 877 882 926 ego
894 860 1049 907 dicam
1062 862 1179 925 signi
1192 863 1311 922 quid
1326 865 1396 909 sit.

119 940 352 989 Animum
369 944 605 990 advortite
630 944 774 990 ambo
788 977 803 1001 ,
829 944 866 989 si
890 944 1055 1003 voltis,
1075 944 1298 990 vidulum
1318 945 1395 990 hic

371 1017 614 1079 apponite.

116 1094 219 1160 Ego
246 1097 439 1145 servabo
454 1133 468 1154 ‚
498 1097 630 1158 quasi
654 1108 895 1158 sequestro
921 1098 1064 1146 detis:
1095 1100 1252 1146 neutri
1284 1098 1391 1145 red-

148 1219 166 1229 ,
367 1171 484 1217 dibo
500 1206 515 1228 ‚
548 1171 776 1216 donicum

114 1234 205 1288 Res
224 1243 442 1306 judicata
473 1244 561 1290 erit
586 1245 715 1290 haec.

110 1319 259 1366 Haud
286 1309 419 1385 fffgio
447 1335 756 1384 sequestrum.
1203 1379 1208 1383 ¹

109 1403 329 1465 Inopiam
343 1439 359 1462 ‚
385 1407 570 1451 luctum
584 1441 598 1462 ‚
627 1422 912 1463 maerorem,
941 1417 1266 1468 paupertatem
1282 1441 1296 1464 ‚
1319 1407 1387 1451 al-

363 1495 477 1541 gum
494 1512 510 1535 ‚
539 1478 728 1524 famem.

108 1555 335 1620 Ejusdem
363 1558 569 1605 Bacchae
593 1558 807 1605 fecerunt
833 1569 1041 1604 nostram
1071 1558 1231 1603 navim
1259 1556 1382 1602 Pen-

361 1633 544 1677 theum.

104 1709 247 1755 Nunc
262 1744 277 1767 ,
306 1722 361 1756 ut
385 1711 517 1772 apud
540 1723 837 1772 sequestrum
861 1711 1082 1757 vidulum
1104 1710 1375 1772 posivimus.

103 1789 247 1836 Nunc
268 1808 421 1837 servos
443 1804 692 1857 argentum
713 1811 740 1839 a
763 1805 895 1854 patre
920 1792 1269 1854 expalpabitur.

104 1869 262 1916 Immo
288 1873 338 1917 id
366 1873 504 1933 quod
537 1875 650 1920 haec
674 1873 832 1920 nostra
859 1884 927 1920 est
954 1874 1125 1934 patria,
1159 1883 1206 1918 et
1241 1869 1374 1931 quod

353 1943 431 1989 hic
448 1961 589 1990 *meus
1098 1941 1101 1943 ’

101 2011 183 2057 Est
208 2024 340 2073 pater
354 2047 369 2070 ,
395 2015 490 2060 illic
513 2027 674 2062 autem
704 2016 926 2063 Soterinis
959 2028 1026 2062 est
1055 2027 1199 2077 pater.

102 2090 268 2138 Malim
286 2093 448 2137 moriri
465 2110 592 2139 meos
610 2129 623 2151 ‚
646 2111 792 2154 quam
812 2095 1262 2140 mendicarier.>boni
1284 2095 1371 2140 mi⁴

350 2165 628 2211 nistrantur:
659 2166 796 2211 illum
815 2182 944 2211 nunc
965 2166 1157 2211 irrident
1178 2167 1302 2211 mali.

99 2242 299 2308 Signum
332 2255 458 2291 recte
490 2247 798 2311 conpatebat:
825 2248 965 2312 hujus
994 2247 1223 2294 contendi
1249 2263 1368 2293 anu-

348 2319 468 2364 lum.

97 2396 233 2464 Quid
261 2399 411 2443 multa
440 2398 615 2445 verba'?
640 2401 903 2461 plurimum
930 2398 1222 2446 luctavimusa
