1598 2814
137 140 230 183 600
394 136 458 182 M.
526 134 739 180 ACCI
803 133 1126 183 PLAUTI
1259 155 1413 200 v.114

173 232 569 291 PARASITUS
602 240 854 301 PIGER,
884 245 971 290 sive
1006 242 1380 294 LIPARGUS.
1462 275 1467 280 ·

132 332 264 378 INDE
298 331 423 377 bene
454 330 660 392 adpotus
685 331 894 392 primulo
928 334 1204 394 crepusculo
1228 347 1232 350 ’

131 405 354 453 Domum
384 406 451 451 ire
477 406 616 469 coepi
645 406 832 453 tramite
857 417 983 473 recta
1009 407 1096 455 via.

131 486 296 537 Ambo
320 503 490 551 magna
513 486 657 533 laude
674 487 811 534 lauti:
834 496 1077 551 postremo
1095 481 1240 536 ambo
1257 503 1418 538 sumus

392 576 495 605 non
526 576 680 606 nauel.

130 640 311 688 Addite
336 640 526 702 lepades
543 677 556 698 ‚
593 641 789 689 echinos
805 673 820 697 ,
853 651 1034 689 ostreas.

129 719 262 765 Nihil
295 736 456 765 moror
492 719 612 765 mihi
645 720 814 766 fucum
846 720 897 766 in
929 723 1065 768 alveo
1085 752 1100 780 2
1133 719 1301 782 apibus
1332 720 1416 783 qui

382 793 571 858 peredit
605 794 784 841 cibum.

550 912 587 957 P
625 911 673 957 H
708 911 750 959 A
786 912 832 959 G
863 913 913 962 O
945 912 1004 959 Ν.

130 993 325 1040 HONOS
360 1003 626 1056 syncerasto
655 993 788 1054 perit.

483 1113 521 1158 P
554 1112 595 1157 L
629 1112 678 1158 O
715 1111 753 1157 C
788 1113 811 1158 I
845 1113 894 1158 O
927 1113 973 1157 N
1007 1111 1063 1158 A.

127 1193 256 1245 NAM
286 1198 542 1243 coloratam
571 1197 777 1243 frontem
801 1198 969 1255 habet²
989 1199 1142 1260 petilia
1161 1199 1314 1247 labrIs.

532 1312 1021 1361 SATURIO..

130 1401 456 1449 CATULINAM
489 1418 675 1449 carnem
700 1404 956 1461 esitavisse,
981 1405 1058 1451 lzoc
1080 1414 1170 1454 est.
1191 1407 1420 1457 comedisse

377 1476 618 1524 Romanos,
642 1476 830 1522 Plautus
849 1479 893 1522 in
909 1478 1141 1524 Saturione
1163 1479 1312 1542 refert.

123 1555 314 1602 Retrahi
343 1557 574 1618 nequitur
591 1591 605 1614 ‚
634 1573 850 1624 quoquo·
864 1575 1100 1623 progressa
1129 1573 1196 1605 est
1217 1547 1373 1606 s‘emel.

122 1635 247 1682 Male
279 1636 364 1682 tibi
401 1638 604 1682 evenisse
635 1636 808 1694 video,
848 1639 935 1699 qui
969 1639 1127 1704 glaber
1157 1650 1254 1686 erat
1283 1652 1406 1686 tam-

379 1726 523 1769 quam
561 1725 676 1754 nen.

119 1785 452 1838 succenturia;
484 1799 681 1834 centum
716 1790 907 1851 require
925 1791 1060 1853 ‚qui
1084 1802 1133 1838 te
1166 1792 1405 1847 delectent

382 1862 527 1908 domi.

251 1973 666 2021 SCYTHA
730 1975 1288 2024 LITURGUS.
1360 1973 1386 1997 ⁶

121 2063 342 2110 MULIER
374 2081 447 2120 es,
473 2081 606 2110 uxor.
636 2066 780 2129 quoja
799 2101 813 2124 ,
834 2066 946 2113 vit?
984 2083 1070 2132 ego
1102 2067 1246 2124 novi,
1277 2053 1396 2114 scid:

374 2153 528 2183 axlosa
562 2154 621 2183 es.
1261 2197 1265 2200 ζ

188 2252 236 2260 -
263 2218 345 2265 Sin
370 2237 422 2265 ea
449 2220 568 2265 mihi
590 2220 832 2283 insignitos
852 2237 1023 2282 pueros
1040 2221 1186 2281 pariat
1202 2231 1360 2282 postea
1377 2252 1392 2276 ,

117 2289 215 2337 Aut
241 2310 437 2350 vatum,
476 2305 559 2339 aut
589 2294 805 2356 valgum,
846 2304 927 2339 aut
959 2309 1277 2353 conperraem,
1310 2303 1391 2337 aut

366 2379 592 2428 paetum,
624 2379 706 2414 aut
737 2369 1001 2414 brocchum
1032 2369 1199 2414 filium,
