1630 2866
52 168 197 222 mas
326 164 617 213 ACTUS
670 166 788 211 111.
842 164 1111 213 sc.111.
1246 147 1355 227 283'

419 287 453 320 'r
488 287 522 320 R
556 287 591 319 A
625 288 653 319 c
688 287 723 319 Η
758 285 792 318 A
828 285 859 318 1.
894 285 1000 318 1‘o.

55 348 168 407 Ne,
189 348 415 410 inquam,
437 347 626 393 timete:
657 347 838 393 assidite
858 346 933 392 hic
961 347 1112 392 inam.

422 441 459 474 A
494 441 537 474 M
570 443 599 475 P
634 444 665 476 E
701 444 732 476 L
767 444 788 476 1
821 442 845 476 s
882 442 911 475 c
947 441 999 473 A.

951 501 1093 546 Istaec
1119 500 1239 561 quid
1270 517 1344 546 ara

64 571 286 656 Prodesse
318 571 452 616 nobis
468 571 574 632 plus
591 580 771 631 potest,
791 588 937 632 quam
952 573 1140 638 signum
1162 574 1212 618 in
1231 572 1341 619 fano

318 644 394 690 hic
424 644 550 689 intus

27 773 29 775 ¹
67 717 292 777 Veneris,
326 717 461 779 quod
485 719 730 779 amplexae
749 720 940 778 modo,
965 722 1098 767 unde
1125 721 1347 784 abreptae

327 808 414 853 per
442 791 543 838 vim
570 791 760 838 miserae
776 792 799 836 Ρ

421 879 453 911 Τ
490 880 524 912 R
560 879 594 911 A
630 879 656 911 c
693 879 728 912 Η
764 879 800 912 A
834 880 941 914 171—
962 880 1011 913 o.

67 938 238 987 Sedete
275 940 353 986 hic
381 939 552 985 modo:
585 957 673 1004 ego
702 941 812 987 hinc
838 959 923 989 vos
953 955 1112 988 tamen
1140 941 1345 987 tutabor.

322 1029 450 1074 aram
482 1012 655 1058 habete
683 1014 805 1059 hanc

69 1085 219 1134 Vobis
256 1102 344 1148 pro
380 1084 561 1130 castris:
592 1086 799 1131 moenia
812 1085 926 1131 hinc
962 1101 1050 1149 ego
1079 1095 1234 1132 vostra
1267 1084 1363 1130 de«

311 1157 525 1205 fensabo.

68 1231 298 1278 Praesidio
335 1231 531 1278 Veneris
567 1229 770 1276 malitiae
802 1229 988 1275 lenonis
1025 1238 1190 1274 contra
1222 1227 1352 1272 ince-

326 1291 451 1351 dam.

427 1391 462 1424 A
500 1391 544 1424 M
581 1391 611 1423 P
644 1389 676 1422 E
709 1389 741 1422 1.
780 1390 802 1422 1
839 1388 862 1422 s
897 1389 926 1421 c
960 1388 1008 1420 A.
1201 1425 1207 1430 ‚

70 1450 187 1497 Tibi
222 1452 547 1496 auscultamus.
591 1460 639 1494 et
654 1482 670 1505 ‚
705 1448 869 1495 Venus
906 1450 1054 1505 alma,
1095 1449 1263 1494 ambae
1303 1459 1349 1495 te

327 1524 620 1568 obsecramus
636 1556 651 1579 ,

73 1593 215 1641 Aram
238 1596 558 1656 amplexantes
587 1595 709 1641 hanc
738 1605 871 1642 tuam
898 1597 1207 1642 lacrumantes
1227 1631 1242 1654 ‚
1273 1613 1351 1660 ge-

219 1727 221 1729 ·
325 1670 464 1715 nibus
498 1670 636 1716 nixae
650 1705 663 1727 ‚

73 1745 174 1792 Nos
198 1743 249 1789 iri
278 1744 540 1791 custodiam
565 1755 699 1791 tuam
720 1756 776 1791 ut
802 1744 1017 1806 recipias,
1045 1757 1093 1791 et
1122 1756 1303 1791 tutere:

69 1819 187 1863 -Illos
211 1819 451 1874 scelestos,
479 1818 562 1878 qui
586 1829 726 1863 tuum
749 1817 965 1864 fecerunt
993 1818 1159 1864 fanum
1186 1820 1349 1880 parvi,

76 1890 143 1936 Ut
162 1889 380 1934 ulciscare
394 1923 409 1944 ‚
439 1905 626 1950 nosque
647 1901 705 1936 ut
724 1890 845 1936 hanc
869 1902 951 1936 tua
971 1907 1086 1953 pace
1111 1908 1236 1937 aram
1262 1892 1353 1937 ob-

327 1960 479 2006 sidere

76 2033 253 2078 Patiare
270 2065 284 2088 ‚
304 2047 427 2091 quae
445 2032 624 2078 elautae
645 2035 813 2081 ambae
830 2053 989 2082 sumus
1005 2053 1148 2098 opera
1167 2035 1354 2097 Neptu-

329 2119 380 2148 m
405 2115 554 2149 noctu
573 2123 584 2148 :

78 2178 153 2224 Ne
181 2177 344 2223 invisas
375 2175 568 2234 habeas,
598 2193 719 2223 neve
738 2177 913 2223 idcirco
943 2177 1082 2222 nobis
1098 2176 1215 2221 vitio
1242 2190 1351 2221 vor-

331 2261 397 2294 tas
416 2283 430 2305 ,

80 2321 128 2368 Si
161 2322 437 2384 quidpiam’
442 2332 510 2378 st,
542 2322 699 2368 minus
728 2320 867 2399 quod
894 2321 1017 2367 bene
1044 2337 1139 2368 esse
1168 2322 1353 2367 lautum

333 2396 563 2442 arbitrare.
889 2412 892 2415 ·
