1630 2866
243 195 309 244 60
595 197 1174 249 POENULUs.
1401 215 1529 265 v.31

599 318 634 350 A
670 319 706 351 D
742 319 778 352 V
816 319 847 352 o
888 319 914 351 C
952 319 987 352 A
1023 320 1054 354 Τ
1092 318 1128 353 U
1164 320 1204 354 s.

1074 381 1146 426 Ita
1178 381 1433 444 quippini?

497 461 1292 502 AGORASTOCLES.

240 518 454 566 Tacendi
489 534 676 584 tempus
712 536 805 570 est:
843 542 956 571 nam
989 538 1278 587 crepuerunt
1307 528 1443 576 fores.

236 592 379 639 Foras
406 597 616 659 egredier
645 598 787 644 video
819 601 1047 646 lenonem
1077 600 1280 663 Lycum.

238 663 414 712 Adeste
436 701 449 724 ,
483 682 672 728 quaeso.

593 755 628 788 A
665 756 701 789 D
740 756 777 791 V
814 757 846 789 Ο
884 758 910 789 C
947 757 982 789 A
1018 757 1050 790 Τ
1088 757 1123 790 U
1158 757 1196 790 S.

755 816 1034 885 Quippini?
1066 818 1186 878 quin
1220 818 1255 862 si
1287 819 1447 877 voles,

238 884 443 946 Operire
469 888 621 948 capita
640 922 653 945 ,
685 905 747 934 ne
778 906 863 934 nos
897 891 1009 936 leno
1036 893 1257 951 noverit,

236 960 341 1028 Qui
375 961 441 1006 illi
470 964 621 1007 malae
649 963 717 1008 rei
751 974 907 1009 tantae
933 963 1110 1010 fuimus
1142 966 1317 1012 inlices.

633 1077 1009 1125 SCENA
1083 1079 1128 1124 V.

234 1195 586 1232 LYGUS,
665 1193 1519 1249 AGoRAsTocLE‘S.

603 1274 1143 1312 ADVQGATJ.

724 1383 1033 1417 LYCUS.

1027 1442 1038 1460 x

231 1433 681 1547 SUSPENDANT
711 1516 876 1546 omnes
900 1517 1028 1547 nunc
1048 1503 1150 1566 jam
1177 1490 1227 1549 s‘e
1242 1505 1518 1566 haruspices,

230 1572 368 1641 Quid
413 1591 500 1638 ego
532 1575 620 1620 illis
652 1575 878 1636 posthac,
913 1577 1051 1638 quod
1087 1578 1348 1638 loquantur
1370 1613 1384 1636 ,
1419 1594 1519 1623 cre-

159 1647 162 1650 *
486 1649 664 1694 duam?

230 1720 331 1789 Qui
364 1722 414 1766 in
453 1738 502 1767 re
535 1723 694 1767 divina
733 1722 923 1767 dudum
957 1721 1206 1778 dicebant,
1240 1720 1358 1766 mihi

228 1792 413 1839 Malum
450 1795 784 1856 damnumque
822 1811 1105 1840 maxumum
1140 1792 1452 1858 portendier,

229 1864 276 1909 Is
305 1866 535 1926 explicavi
570 1883 726 1912 meam
757 1883 859 1911 rem
890 1866 1077 1927 postilla
1106 1867 1253 1912 lucro.

492 1950 1283 1986 AGORASTOCLES.

228 2008 387 2059 Salvos
419 2015 473 2060 sis
491 2048 505 2071 ,
534 2014 661 2059 leno.

466 2099 470 2102 '
714 2092 746 2124 L
782 2091 815 2124 Y
851 2092 880 2124 C
916 2091 952 2124 U
989 2091 1023 2125 S.

682 2151 764 2196 Dii
793 2163 841 2197 te
869 2165 1055 2210 ament,
1085 2151 1419 2216 Agorastocles.

484 2235 1274 2271 AGORASTOCLES.

229 2294 374 2359 Magis
401 2313 480 2342 me
499 2297 706 2362 benigne
723 2314 854 2344 nunc
879 2299 1069 2355 salutem,
1103 2314 1247 2357 quam
1274 2295 1505 2342 antidhae.

717 2386 749 2419 L
785 2386 819 2419 Y
858 2387 884 2418 C
924 2386 958 2418 U
996 2385 1034 2417 S.

227 2442 564 2503 Tranquillitas
595 2445 754 2492 evenit
772 2478 786 2502 ,
817 2444 949 2504 quasi
970 2443 1077 2488 navi
1105 2443 1154 2487 in
1182 2441 1323 2489 mati:
