1630 2866
75 157 199 204 ηιμ
403 135 694 186 ACTUS
738 135 775 181 Ι.
825 133 927 180 SC.
976 134 1055 179 II.
1259 130 1356 192 363

460 258 490 292 P
521 259 542 291 I
581 260 615 292 N
653 257 687 291 A
722 257 749 290 C
787 257 808 290 I
844 255 880 289 'U
916 255 973 288 Μ.

736 306 743 313 ³
813 315 1047 362 Pudicitia
1079 325 1171 370 est,
1201 325 1356 375 pater,

81 385 171 444 Eos
193 391 491 456 magnificare
505 425 519 448 ‚
547 390 632 451 qui
658 405 744 436 nos
766 389 907 436 socias
934 398 1202 434 sumserunt
1224 387 1325 434 sibi.

491 491 526 524 A
563 492 596 524 N
634 491 665 523 T
700 491 722 524 1
759 492 788 525 P
825 491 859 524 H
897 491 942 524 Ο.

59 562 62 563 ’
82 552 320 613 Numquis
349 552 425 597 hic
450 563 516 597 est
545 551 721 598 alienus
738 551 916 624 vnostris
940 550 1075 597 dictis
1097 564 1265 611 auceps
1282 565 1362 594 au-

333 626 498 672 ribus?

444 714 472 746 P
508 711 543 746 A
577 714 612 747 N
647 714 678 746 E
718 714 750 746 G
786 715 821 748 Y
859 715 893 748 R
927 715 948 748 1
984 713 1022 747 S.

85 775 255 821 Nullus
271 809 284 833 ‚
309 786 494 837 praeter
518 791 705 837 nosque
728 786 889 837 teque.
1052 763 1055 767 λ

505 868 541 901 A
577 869 610 902 N
647 869 678 902 ‘r
714 870 736 902 1
770 870 799 902 P
837 870 871 902 H
908 868 960 910 o.x
1365 910 1369 918 ¹

487 936 720 983 Vostrum
747 939 965 984 animum
996 935 1211 982 adhiberi
1240 935 1366 981 volo.

85 1008 209 1055 Nam
237 1024 324 1073 ego
353 1007 414 1054 ad
439 1008 530 1054 vos'
554 1025 684 1054 nunc
711 1010 938 1071 inperitus
966 1024 1152 1065 rerum,
1189 1019 1236 1053 et
1261 1022 1369 1058 mo·-

336 1096 465 1126 rum
480 1081 767 1140 mulierum,

86 1153 352 1215 Discipulus
378 1154 520 1200 venio
557 1154 618 1200 ad
649 1155 894 1220 magistras.
931 1153 1106 1216 quibus
1136 1163 1370 1204 matronas

341 1226 584 1284 moribuS,

91 1298 231 1371 Quae
260 1310 486 1362 optumae
514 1309 652 1357 sunt,
684 1315 778 1345 esse
806 1298 1028 1361 oportet?
1057 1298 1141 1344 sed
1171 1309 1386 1359 utraque

340 1383 396 1418 ut
421 1372 547 1418 dicat
582 1372 714 1418 mihi.

446 1465 475 1496 P
511 1465 547 1496 A
582 1466 616 1497 N
654 1465 684 1497 Ε
724 1462 757 1497 G
793 1465 827 1496 Y
862 1464 897 1496 R
931 1463 952 1494 1
989 1462 1029 1496 s.

17 1521 228 1625 Quid
259 1523 377 1569 istuc
410 1534 478 1568 est
494 1557 510 1579 ,
550 1523 686 1582 quod
712 1524 807 1568 huc
846 1521 1178 1582 exquaesitum
1207 1519 1379 1565 mulie-

351 1611 461 1640 rum
490 1611 644 1641 mores
671 1593 842 1642 venis?
1197 1607 1200 1610 ⁴

516 1686 553 1720 A
588 1687 623 1720 N
661 1687 692 1719 Τ
729 1687 750 1719 1
786 1688 814 1720 Ρ
855 1686 890 1719 H
927 1686 974 1720 o.
1018 1688 1030 1731 ᾗ

98 1756 186 1802 Pol
214 1749 300 1828 ego
327 1771 534 1811 uxorem
554 1772 731 1829 quaero
746 1791 761 1815 ‚
787 1767 1043 1819 postquam
1059 1764 1214 1809 vostra
1230 1762 1382 1798 mater

351 1841 541 1876 mortua
561 1830 628 1876 ’.st

456 1914 1043 1962 PANEGYffRI&
1373 1967 1376 1970 Δ

101 1990 253 2037 Facile
284 1988 495 2067 invenies
525 1999 575 2035 et
604 1989 818 2054 pejorem
856 1999 904 2047 et
935 1987 1072 2051 pejus
1111 1997 1345 2034 moratam
1366 2020 1381 2046 ‚

363 2073 528 2124 patet,
559 2091 562 2093 -

104 2137 267 2207 Quam
284 2135 363 2181 issa
384 2134 495 2182 fuit:
527 2134 778 2181 meliorem
801 2149 962 2194 neque
985 2144 1041 2181 tu
1058 2135 1283 2196 reperies,
1306 2150 1391 2179 ne·-

362 2224 458 2270 que
491 2208 562 2254 sol
590 2207 738 2254 videt.

460 2298 981 2348 -·;ANT1P110.

110 2365 175 2414 At
191 2374 279 2434 ego
295 2384 356 2416 ex
373 2379 422 2415 te
438 2368 640 2430 exquiro
653 2401 668 2425 ‚
686 2378 831 2428 atque
849 2382 908 2413 ex
925 2366 1032 2414 istac
1049 2377 1132 2414 tua
1148 2380 1324 2414 sorore.
