1630 2866
208 196 300 252 ’ρῳ
629 171 1055 235 RUDENS.
1393 186 1488 238 ιε

659 304 691 336 L
730 303 764 336 A
803 304 831 336 Β
867 305 900 338 R
934 305 968 338 A
1005 305 1056 339 x.
1125 305 1130 310 “

208 369 421 432 Tangam
443 361 599 411 hercle
629 382 756 412 vero.

595 460 631 492 D
671 461 706 493 A
742 461 772 493 Ε
811 462 854 494 Μ
890 460 922 494 0
959 461 992 493 N
1028 459 1059 492 E
1097 458 1135 493 s.

606 519 833 585 Agedum
851 523 989 586 ergo!
1013 519 1185 567 accede
1206 519 1301 568 huc
1321 521 1486 569 mod0.

660 615 690 648 L
729 616 761 648 A
801 616 829 647 Β
866 618 900 650 R
934 616 970 649 A
1005 617 1054 650 x.

200 676 330 736 Jube
363 676 482 722 dum
514 676 731 723 recedere
760 678 870 723 istos
897 677 1039 723 ambo
1070 677 1182 724 illuc
1212 678 1377 725 modo.

595 774 630 805 D
669 773 706 806 A
740 774 771 806 E
808 775 852 807 M
891 775 923 808 o
962 776 994 809 N
1034 775 1064 808 E
1101 775 1138 810 s.
1181 763 1183 766 “

205 833 365 879 Immo
393 832 455 879 ad
487 844 533 879 te
562 833 803 881 accedent.

654 930 686 964 L
722 929 758 963 A
794 930 822 962 B
859 930 894 963 R
929 928 964 962 A
1001 927 1050 962 X.

751 990 869 1036 Non⁴
898 991 1057 1036 hercle
1087 1001 1278 1055 egomet
1303 1006 1485 1041 censeo.

593 1083 628 1114 D
667 1082 701 1114 A
739 1082 769 1113 E
807 1083 850 1114 Μ
889 1083 920 1114 o
959 1083 992 1114 N
1029 1082 1059 1113 E
1097 1082 1132 1115 s.

208 1140 349 1211 Quid
372 1155 474 1205 ages
490 1173 504 1197 ,
534 1139 571 1184 si
599 1139 827 1185 accedent
851 1140 1047 1200 propius
1066 1139 1088 1184 Ξ)

656 1232 687 1264 L
723 1232 759 1265 A
795 1232 823 1264 Β
860 1233 895 1265 R
931 1232 967 1264 A
1002 1231 1053 1264 x.

1088 1283 1190 1347 Ego
1213 1301 1452 1334 recessero.

207 1359 416 1415 Verum,
440 1373 606 1417 senex,
625 1357 663 1402 si
681 1367 729 1402 te
746 1372 980 1418 umquam
1001 1356 1051 1401 in
1072 1356 1191 1402 urbe
1213 1357 1483 1417 offendero,

205 1429 490 1490 Numquam
507 1428 664 1474 hercle
681 1427 936 1488 quisquam
952 1443 1031 1472 me
1049 1427 1276 1474 lenonem
1291 1428 1483 1488 dixerit,

122 1506 131 1516 ⁰
207 1504 257 1552 Si
286 1519 389 1550 non
415 1513 464 1549 te
493 1502 636 1548 ludos
669 1517 908 1563 pessumos
937 1500 1168 1547 dimisero.

597 1596 634 1629 D
669 1595 704 1628 A
739 1595 771 1627 E
809 1594 853 1627 M
888 1595 921 1628 o
957 1596 988 1628 N
1028 1594 1059 1627 Ε
1096 1593 1133 1628 s.
1271 1639 1273 1643 .

212 1657 370 1702 Facito
399 1656 545 1714 istuc,
577 1654 715 1716 quod
737 1654 973 1699 minitaris.
1005 1654 1088 1699 sed
1114 1669 1245 1700 nunc
1265 1655 1455 1702 interim

208 1728 256 1774 Si
278 1728 375 1773 illas
395 1727 611 1791 adtigeris
627 1760 643 1784 ‚
675 1726 864 1771 dabitur
895 1726 982 1772 tibi
1003 1741 1233 1791 magnum
1253 1728 1450 1775 malum.

662 1820 695 1854 L
728 1819 764 1852 A
799 1820 828 1852 B
865 1819 901 1853 R
935 1819 972 1853 A
1006 1819 1059 1854 X.

210 1883 378 1954 Quam
405 1897 632 1946 magnum
663 1880 814 1927 vero?

593 1977 630 2010 D
662 1976 697 2009 A
733 1976 763 2009 E
800 1976 843 2009 Μ
882 1976 913 2009 o
948 1976 982 2010 N
1015 1976 1046 2009 Ε
1085 1976 1121 2010 s.

843 2036 1094 2106 Quantum
1118 2036 1283 2084 lenoni
1313 2045 1380 2083 sat
1403 2045 1481 2084 est.

654 2131 686 2164 1.
722 2131 757 2164 A
792 2131 822 2164 Β
856 2132 890 2165 R
925 2132 961 2165 A
996 2133 1045 2166 x.

207 2190 426 2239 Minacias
455 2205 543 2254 ego
571 2190 673 2236 istas
701 2190 838 2237 flocci
869 2207 971 2237 non
1006 2191 1125 2238 facio
1160 2201 1273 2237 tuas.

207 2263 446 2325 Equidem
478 2274 526 2308 te
557 2262 710 2308 invito
738 2263 839 2327 jam
868 2264 1024 2310 ambas
1051 2263 1242 2324 rapiam.

595 2361 1126 2398 DAEMONES.

1080 2410 1481 2477 'Tangedum.
