<?xml version="1.0" encoding="UTF-8"?>
<!DOCTYPE html PUBLIC "-//W3C//DTD XHTML 1.0 Transitional//EN"
    "http://www.w3.org/TR/xhtml1/DTD/xhtml1-transitional.dtd">
<html xmlns="http://www.w3.org/1999/xhtml" xml:lang="en" lang="en">
 <head>
  <title>
</title>
<meta http-equiv="Content-Type" content="text/html;charset=utf-8" />
  <meta name='ocr-system' content='tesseract 3.04.00' />
  <meta name='ocr-capabilities' content='ocr_page ocr_carea ocr_par ocr_line ocrx_word'/>
</head>
<body>
  <div class='ocr_page' id='page_1' title='image "./comoediaesuperst03plauuoft_0402.png"; bbox 0 0 1630 2866; ppageno 0'>
   <div class='ocr_carea' id='block_1_1' title="bbox 232 143 1516 208">
    <p class='ocr_par' dir='ltr' id='par_1_1' title="bbox 232 143 1516 208">
     <span class='ocr_line' id='line_1_1' title="bbox 232 143 1516 208; baseline 0.003 -18"><span class='ocrx_word' id='word_1_1' title='bbox 232 145 329 207; x_wconf 78' lang='lat'>’396</span> <span class='ocrx_word' id='word_1_2' title='bbox 635 143 670 191; x_wconf 82' lang='lat' dir='ltr'>S</span> <span class='ocrx_word' id='word_1_3' title='bbox 699 144 745 190; x_wconf 95' lang='lat' dir='ltr'><strong>T</strong></span> <span class='ocrx_word' id='word_1_4' title='bbox 778 145 802 190; x_wconf 95' lang='lat' dir='ltr'>I</span> <span class='ocrx_word' id='word_1_5' title='bbox 838 145 876 191; x_wconf 91' lang='lat' dir='ltr'>C</span> <span class='ocrx_word' id='word_1_6' title='bbox 910 145 959 191; x_wconf 92' lang='lat' dir='ltr'>H</span> <span class='ocrx_word' id='word_1_7' title='bbox 991 144 1110 194; x_wconf 87' lang='lat' dir='ltr'><strong>U·s.</strong></span> <span class='ocrx_word' id='word_1_8' title='bbox 1389 162 1433 195; x_wconf 87' lang='lat' dir='ltr'>v.</span> <span class='ocrx_word' id='word_1_9' title='bbox 1457 148 1516 208; x_wconf 83' lang='lat'>65</span> 
     </span>
    </p>
   </div>
   <div class='ocr_carea' id='block_1_2' title="bbox 231 251 1518 369">
    <p class='ocr_par' dir='ltr' id='par_1_2' title="bbox 231 251 1518 369">
     <span class='ocr_line' id='line_1_2' title="bbox 231 251 1518 316; baseline 0.002 -18"><span class='ocrx_word' id='word_1_10' title='bbox 231 251 296 298; x_wconf 86' lang='lat' dir='ltr'>Ut</span> <span class='ocrx_word' id='word_1_11' title='bbox 317 251 419 316; x_wconf 82' lang='lat' dir='ltr'>jam</span> <span class='ocrx_word' id='word_1_12' title='bbox 446 266 577 297; x_wconf 90' lang='lat' dir='ltr'><strong>nunc</strong></span> <span class='ocrx_word' id='word_1_13' title='bbox 610 251 827 297; x_wconf 83' lang='lat' dir='ltr'>scelestus</span> <span class='ocrx_word' id='word_1_14' title='bbox 857 268 950 298; x_wconf 90' lang='lat' dir='ltr'>esse</span> <span class='ocrx_word' id='word_1_15' title='bbox 978 252 1111 299; x_wconf 85' lang='lat' dir='ltr'>ducit</span> <span class='ocrx_word' id='word_1_16' title='bbox 1136 270 1224 316; x_wconf 92' lang='lat' dir='ltr'>pro</span> <span class='ocrx_word' id='word_1_17' title='bbox 1242 253 1518 301; x_wconf 86' lang='lat' dir='ltr'>adulescen-</span> 
     </span>
     <span class='ocr_line' id='line_1_3' title="bbox 486 324 617 369; baseline 0 0"><span class='ocrx_word' id='word_1_18' title='bbox 486 324 617 369; x_wconf 89' lang='lat' dir='ltr'>tulo!</span> 
     </span>
    </p>
   </div>
   <div class='ocr_carea' id='block_1_3' title="bbox 230 398 1517 463">
    <p class='ocr_par' dir='ltr' id='par_1_3' title="bbox 230 398 1517 463">
     <span class='ocr_line' id='line_1_4' title="bbox 230 398 1517 463; baseline 0.003 -17"><span class='ocrx_word' id='word_1_19' title='bbox 230 398 433 446; x_wconf 83' lang='lat' dir='ltr'>Dabitur</span> <span class='ocrx_word' id='word_1_20' title='bbox 463 399 651 446; x_wconf 89' lang='lat' dir='ltr'>homini</span> <span class='ocrx_word' id='word_1_21' title='bbox 685 402 858 459; x_wconf 78' lang='lat' dir='ltr'>amica,</span> <span class='ocrx_word' id='word_1_22' title='bbox 893 412 1041 448; x_wconf 89' lang='lat' dir='ltr'>noctu</span> <span class='ocrx_word' id='word_1_23' title='bbox 1063 417 1186 463; x_wconf 86' lang='lat' dir='ltr'>quae</span> <span class='ocrx_word' id='word_1_24' title='bbox 1215 401 1266 448; x_wconf 86' lang='lat' dir='ltr'>in</span> <span class='ocrx_word' id='word_1_25' title='bbox 1291 403 1416 450; x_wconf 88' lang='lat' dir='ltr'>lecto</span> <span class='ocrx_word' id='word_1_26' title='bbox 1441 419 1517 450; x_wconf 78' lang='lat' dir='ltr'>ac-⁴</span> 
     </span>
    </p>
   </div>
   <div class='ocr_carea' id='block_1_4' title="bbox 224 472 1512 813">
    <p class='ocr_par' dir='ltr' id='par_1_4' title="bbox 224 472 1512 813">
     <span class='ocr_line' id='line_1_5' title="bbox 485 472 880 520; baseline 0.003 -1"><span class='ocrx_word' id='word_1_27' title='bbox 485 472 659 519; x_wconf 89' lang='lat' dir='ltr'>cendet</span> <span class='ocrx_word' id='word_1_28' title='bbox 689 490 880 520; x_wconf 89' lang='lat' dir='ltr'>senem:</span> 
     </span>
     <span class='ocr_line' id='line_1_6' title="bbox 227 544 1512 611; baseline 0.002 -19"><span class='ocrx_word' id='word_1_29' title='bbox 227 544 478 608; x_wconf 80' lang='lat' dir='ltr'>Namque,</span> <span class='ocrx_word' id='word_1_30' title='bbox 508 548 711 609; x_wconf 80' lang='lat' dir='ltr'>edepol,</span> <span class='ocrx_word' id='word_1_31' title='bbox 734 548 865 594; x_wconf 86' lang='lat' dir='ltr'>aliud</span> <span class='ocrx_word' id='word_1_32' title='bbox 893 547 1092 610; x_wconf 88' lang='lat' dir='ltr'>quidem</span> <span class='ocrx_word' id='word_1_33' title='bbox 1117 548 1186 594; x_wconf 84' lang='lat' dir='ltr'>illi</span> <span class='ocrx_word' id='word_1_34' title='bbox 1213 549 1342 611; x_wconf 63' lang='lat' dir='ltr'>quid&gt;</span> <span class='ocrx_word' id='word_1_35' title='bbox 1364 550 1512 596; x_wconf 80' lang='lat' dir='ltr'>amica</span> 
     </span>
     <span class='ocr_line' id='line_1_7' title="bbox 404 622 933 682; baseline 0.008 -18"><span class='ocrx_word' id='word_1_36' title='bbox 404 626 406 628; x_wconf 79' lang='grc'>’</span> <span class='ocrx_word' id='word_1_37' title='bbox 491 637 609 682; x_wconf 89' lang='lat' dir='ltr'>opus</span> <span class='ocrx_word' id='word_1_38' title='bbox 640 622 698 667; x_wconf 88' lang='lat' dir='ltr'>sit</span> <span class='ocrx_word' id='word_1_39' title='bbox 716 657 730 679; x_wconf 81' lang='lat'>,</span> <span class='ocrx_word' id='word_1_40' title='bbox 762 622 933 669; x_wconf 85' lang='lat' dir='ltr'>nescio.</span> 
     </span>
     <span class='ocr_line' id='line_1_8' title="bbox 224 689 1512 757; baseline 0.002 -20"><span class='ocrx_word' id='word_1_41' title='bbox 224 689 324 738; x_wconf 91' lang='lat' dir='ltr'>Sed</span> <span class='ocrx_word' id='word_1_42' title='bbox 359 692 479 753; x_wconf 80' lang='lat' dir='ltr'>quid</span> <span class='ocrx_word' id='word_1_43' title='bbox 503 693 596 757; x_wconf 82' lang='lat' dir='ltr'>agit</span> <span class='ocrx_word' id='word_1_44' title='bbox 627 695 851 755; x_wconf 79' lang='lat' dir='ltr'>parasitus</span> <span class='ocrx_word' id='word_1_45' title='bbox 878 706 1037 741; x_wconf 86' lang='lat' dir='ltr'>noster</span> <span class='ocrx_word' id='word_1_46' title='bbox 1057 693 1349 742; x_wconf 81' lang='lat' dir='ltr'>Gelasimus?</span> <span class='ocrx_word' id='word_1_47' title='bbox 1369 693 1512 740; x_wconf 83' lang='lat' dir='ltr'>etiam</span> 
     </span>
     <span class='ocr_line' id='line_1_9' title="bbox 481 767 643 813; baseline 0 -1"><span class='ocrx_word' id='word_1_48' title='bbox 481 767 643 813; x_wconf 79' lang='lat' dir='ltr'>valet?</span> 
     </span>
    </p>
   </div>
   <div class='ocr_carea' id='block_1_5' title="bbox 226 862 1268 996">
    <p class='ocr_par' dir='ltr' id='par_1_5' title="bbox 226 862 1268 996">
     <span class='ocr_line' id='line_1_10' title="bbox 577 862 1179 897; baseline 0.002 -2"><span class='ocrx_word' id='word_1_49' title='bbox 577 862 608 895; x_wconf 81' lang='grc' dir='ltr'><strong><em>Ε</em></strong></span> <span class='ocrx_word' id='word_1_50' title='bbox 645 862 674 895; x_wconf 97' lang='grc' dir='ltr'><strong>Ρ</strong></span> <span class='ocrx_word' id='word_1_51' title='bbox 713 862 734 894; x_wconf 92' lang='lat'>1</span> <span class='ocrx_word' id='word_1_52' title='bbox 775 862 807 896; x_wconf 86' lang='lat' dir='ltr'>G</span> <span class='ocrx_word' id='word_1_53' title='bbox 843 863 877 895; x_wconf 99' lang='lat' dir='ltr'>N</span> <span class='ocrx_word' id='word_1_54' title='bbox 916 862 948 895; x_wconf 93' lang='lat' dir='ltr'>o</span> <span class='ocrx_word' id='word_1_55' title='bbox 989 864 1031 896; x_wconf 91' lang='lat' dir='ltr'>M</span> <span class='ocrx_word' id='word_1_56' title='bbox 1069 862 1104 895; x_wconf 86' lang='lat' dir='ltr'>U</span> <span class='ocrx_word' id='word_1_57' title='bbox 1139 862 1179 897; x_wconf 85' lang='lat' dir='ltr'>S.</span> 
     </span>
     <span class='ocr_line' id='line_1_11' title="bbox 226 927 1268 996; baseline 0.002 -18"><span class='ocrx_word' id='word_1_58' title='bbox 226 927 340 978; x_wconf 84' lang='lat' dir='ltr'>Vidi</span> <span class='ocrx_word' id='word_1_59' title='bbox 361 932 537 996; x_wconf 85' lang='lat' dir='ltr'>edepol</span> <span class='ocrx_word' id='word_1_60' title='bbox 559 933 810 979; x_wconf 81' lang='lat' dir='ltr'>hominem</span> <span class='ocrx_word' id='word_1_61' title='bbox 831 933 959 979; x_wconf 85' lang='lat' dir='ltr'>haud</span> <span class='ocrx_word' id='word_1_62' title='bbox 977 933 1268 995; x_wconf 89' lang='lat' dir='ltr'>perdudum.</span> 
     </span>
    </p>
   </div>
   <div class='ocr_carea' id='block_1_6' title="bbox 224 1033 1516 1561">
    <p class='ocr_par' dir='ltr' id='par_1_6' title="bbox 224 1033 1516 1561">
     <span class='ocr_line' id='line_1_12' title="bbox 484 1033 1274 1070; baseline 0.003 -4"><span class='ocrx_word' id='word_1_63' title='bbox 484 1033 1274 1070; x_wconf 73' lang='lat' dir='ltr'>PAMPHILIPPUS.</span> 
     </span>
     <span class='ocr_line' id='line_1_13' title="bbox 940 1099 1226 1170; baseline -0.003 -24"><span class='ocrx_word' id='word_1_64' title='bbox 940 1099 1226 1170; x_wconf 76' lang='lat' dir='ltr'>Quidagit?</span> 
     </span>
     <span class='ocr_line' id='line_1_14' title="bbox 586 1193 1184 1229; baseline 0.002 -3"><span class='ocrx_word' id='word_1_65' title='bbox 586 1194 618 1226; x_wconf 80' lang='grc' dir='ltr'><strong>Ε</strong></span> <span class='ocrx_word' id='word_1_66' title='bbox 655 1194 683 1227; x_wconf 89' lang='grc' dir='ltr'><strong>Ρ</strong></span> <span class='ocrx_word' id='word_1_67' title='bbox 720 1195 742 1227; x_wconf 92' lang='lat'>1</span> <span class='ocrx_word' id='word_1_68' title='bbox 780 1195 814 1229; x_wconf 83' lang='lat' dir='ltr'>G</span> <span class='ocrx_word' id='word_1_69' title='bbox 847 1195 883 1228; x_wconf 92' lang='lat' dir='ltr'>N</span> <span class='ocrx_word' id='word_1_70' title='bbox 921 1193 953 1228; x_wconf 89' lang='lat' dir='ltr'>o</span> <span class='ocrx_word' id='word_1_71' title='bbox 991 1195 1036 1228; x_wconf 91' lang='lat' dir='ltr'>M</span> <span class='ocrx_word' id='word_1_72' title='bbox 1073 1193 1109 1227; x_wconf 84' lang='lat' dir='ltr'><strong>U</strong></span> <span class='ocrx_word' id='word_1_73' title='bbox 1146 1193 1184 1228; x_wconf 93' lang='lat' dir='ltr'>s.</span> 
     </span>
     <span class='ocr_line' id='line_1_15' title="bbox 1083 1263 1516 1333; baseline 0 -23"><span class='ocrx_word' id='word_1_74' title='bbox 1083 1263 1240 1333; x_wconf 76' lang='lat' dir='ltr'>Quod</span> <span class='ocrx_word' id='word_1_75' title='bbox 1261 1263 1516 1310; x_wconf 85' lang='lat' dir='ltr'>famelicus.</span> 
     </span>
     <span class='ocr_line' id='line_1_16' title="bbox 486 1355 1266 1392; baseline -0.001 -1"><span class='ocrx_word' id='word_1_76' title='bbox 486 1355 1266 1392; x_wconf 80' lang='lat' dir='ltr'>PAMPHILIPPUS.</span> 
     </span>
     <span class='ocr_line' id='line_1_17' title="bbox 224 1423 1157 1496; baseline -0.002 -25"><span class='ocrx_word' id='word_1_77' title='bbox 224 1426 361 1496; x_wconf 72' lang='lat' dir='ltr'>Quin</span> <span class='ocrx_word' id='word_1_78' title='bbox 381 1427 558 1475; x_wconf 87' lang='lat' dir='ltr'>vocasti</span> <span class='ocrx_word' id='word_1_79' title='bbox 575 1426 825 1472; x_wconf 87' lang='lat' dir='ltr'>hominem</span> <span class='ocrx_word' id='word_1_80' title='bbox 843 1424 905 1470; x_wconf 84' lang='lat' dir='ltr'>ad</span> <span class='ocrx_word' id='word_1_81' title='bbox 921 1438 1123 1471; x_wconf 88' lang='lat' dir='ltr'>coenam</span> <span class='ocrx_word' id='word_1_82' title='bbox 1134 1423 1157 1469; x_wconf 70' lang='grc' dir='ltr'><strong>Ρ</strong></span> 
     </span>
     <span class='ocr_line' id='line_1_18' title="bbox 583 1523 1176 1561; baseline -0.007 0"><span class='ocrx_word' id='word_1_83' title='bbox 583 1528 615 1561; x_wconf 80' lang='grc' dir='ltr'><strong>Ε</strong></span> <span class='ocrx_word' id='word_1_84' title='bbox 652 1527 681 1560; x_wconf 88' lang='grc' dir='ltr'><strong>Ρ</strong></span> <span class='ocrx_word' id='word_1_85' title='bbox 717 1527 739 1560; x_wconf 90' lang='lat'>1</span> <span class='ocrx_word' id='word_1_86' title='bbox 777 1526 810 1559; x_wconf 86' lang='lat' dir='ltr'>G</span> <span class='ocrx_word' id='word_1_87' title='bbox 844 1526 878 1559; x_wconf 98' lang='lat' dir='ltr'>N</span> <span class='ocrx_word' id='word_1_88' title='bbox 915 1526 947 1559; x_wconf 92' lang='lat' dir='ltr'>o</span> <span class='ocrx_word' id='word_1_89' title='bbox 985 1525 1028 1558; x_wconf 91' lang='lat' dir='ltr'>M</span> <span class='ocrx_word' id='word_1_90' title='bbox 1066 1524 1102 1557; x_wconf 82' lang='lat' dir='ltr'>U</span> <span class='ocrx_word' id='word_1_91' title='bbox 1137 1523 1176 1557; x_wconf 68' lang='lat' dir='ltr'>s;</span> 
     </span>
    </p>
   </div>
   <div class='ocr_carea' id='block_1_7' title="bbox 222 1590 1519 1788">
    <p class='ocr_par' dir='ltr' id='par_1_7' title="bbox 222 1590 1519 1788">
     <span class='ocr_line' id='line_1_19' title="bbox 737 1590 1515 1655; baseline -0.003 -16"><span class='ocrx_word' id='word_1_92' title='bbox 737 1593 812 1639; x_wconf 91' lang='lat' dir='ltr'>Ne</span> <span class='ocrx_word' id='word_1_93' title='bbox 831 1592 952 1655; x_wconf 89' lang='lat' dir='ltr'>quid</span> <span class='ocrx_word' id='word_1_94' title='bbox 974 1592 1229 1639; x_wconf 86' lang='lat' dir='ltr'>adveniens</span> <span class='ocrx_word' id='word_1_95' title='bbox 1245 1590 1515 1654; x_wconf 84' lang='lat' dir='ltr'>perderem.</span> 
     </span>
     <span class='ocr_line' id='line_1_20' title="bbox 222 1665 1519 1729; baseline -0.006 -14"><span class='ocrx_word' id='word_1_96' title='bbox 222 1665 387 1729; x_wconf 88' lang='lat' dir='ltr'>Atque</span> <span class='ocrx_word' id='word_1_97' title='bbox 415 1685 583 1716; x_wconf 89' lang='lat' dir='ltr'>eccum</span> <span class='ocrx_word' id='word_1_98' title='bbox 615 1667 706 1713; x_wconf 86' lang='lat' dir='ltr'>tibi</span> <span class='ocrx_word' id='word_1_99' title='bbox 734 1668 909 1728; x_wconf 90' lang='lat' dir='ltr'>lupum</span> <span class='ocrx_word' id='word_1_100' title='bbox 939 1667 991 1712; x_wconf 91' lang='lat' dir='ltr'>in</span> <span class='ocrx_word' id='word_1_101' title='bbox 1025 1679 1243 1715; x_wconf 79' lang='lat' dir='ltr'>sermone</span> <span class='ocrx_word' id='word_1_102' title='bbox 1253 1682 1265 1714; x_wconf 88' lang='lat'>;</span> <span class='ocrx_word' id='word_1_103' title='bbox 1301 1678 1519 1724; x_wconf 85' lang='lat' dir='ltr'>praesens</span> 
     </span>
     <span class='ocr_line' id='line_1_21' title="bbox 480 1741 1166 1788; baseline -0.006 0"><span class='ocrx_word' id='word_1_104' title='bbox 480 1743 682 1788; x_wconf 83' lang='lat' dir='ltr'>esuriens</span> <span class='ocrx_word' id='word_1_105' title='bbox 709 1741 853 1787; x_wconf 87' lang='lat' dir='ltr'>adest.</span> <span class='ocrx_word' id='word_1_106' title='bbox 1159 1747 1166 1755; x_wconf 82' lang='grc'>’</span> 
     </span>
    </p>
   </div>
   <div class='ocr_carea' id='block_1_8' title="bbox 484 1830 1260 1871">
    <p class='ocr_par' dir='ltr' id='par_1_8' title="bbox 484 1830 1260 1871">
     <span class='ocr_line' id='line_1_22' title="bbox 484 1830 1260 1871; baseline -0.009 0"><span class='ocrx_word' id='word_1_107' title='bbox 484 1830 1260 1871; x_wconf 86' lang='lat' dir='ltr'>PAMPHILIPPUS.</span> 
     </span>
    </p>
   </div>
   <div class='ocr_carea' id='block_1_9' title="bbox 222 1904 1181 2035">
    <p class='ocr_par' dir='ltr' id='par_1_9' title="bbox 222 1904 1181 2035">
     <span class='ocr_line' id='line_1_23' title="bbox 222 1904 915 1972; baseline -0.01 -17"><span class='ocrx_word' id='word_1_108' title='bbox 222 1904 551 1955; x_wconf 84' lang='lat' dir='ltr'>Ludificemur</span> <span class='ocrx_word' id='word_1_109' title='bbox 579 1906 839 1952; x_wconf 89' lang='lat' dir='ltr'>hominem.</span> <span class='ocrx_word' id='word_1_110' title='bbox 907 1965 915 1972; x_wconf 33' lang='grc' dir='ltr'><strong><em>ι</em></strong></span> 
     </span>
     <span class='ocr_line' id='line_1_24' title="bbox 582 1995 1181 2035; baseline -0.01 0"><span class='ocrx_word' id='word_1_111' title='bbox 582 2001 614 2035; x_wconf 84' lang='grc' dir='ltr'>Ε</span> <span class='ocrx_word' id='word_1_112' title='bbox 652 2001 682 2035; x_wconf 89' lang='lat' dir='ltr'>P</span> <span class='ocrx_word' id='word_1_113' title='bbox 718 2000 740 2033; x_wconf 94' lang='lat' dir='ltr'>I</span> <span class='ocrx_word' id='word_1_114' title='bbox 779 1999 812 2032; x_wconf 90' lang='lat' dir='ltr'><strong>G</strong></span> <span class='ocrx_word' id='word_1_115' title='bbox 849 1998 884 2032; x_wconf 86' lang='lat' dir='ltr'>N</span> <span class='ocrx_word' id='word_1_116' title='bbox 919 1997 952 2031; x_wconf 91' lang='grc' dir='ltr'>Ο</span> <span class='ocrx_word' id='word_1_117' title='bbox 988 1997 1032 2031; x_wconf 92' lang='grc' dir='ltr'><strong>Μ</strong></span> <span class='ocrx_word' id='word_1_118' title='bbox 1067 1996 1104 2029; x_wconf 75' lang='lat' dir='ltr'>&#39;U&#39;</span> <span class='ocrx_word' id='word_1_119' title='bbox 1141 1995 1181 2030; x_wconf 83' lang='lat' dir='ltr'>S.</span> 
     </span>
    </p>
   </div>
   <div class='ocr_carea' id='block_1_10' title="bbox 715 2069 1515 2133">
    <p class='ocr_par' dir='ltr' id='par_1_10' title="bbox 715 2069 1515 2133">
     <span class='ocr_line' id='line_1_25' title="bbox 715 2069 1515 2133; baseline -0.013 -16"><span class='ocrx_word' id='word_1_120' title='bbox 715 2070 854 2133; x_wconf 86' lang='lat' dir='ltr'>Capti</span> <span class='ocrx_word' id='word_1_121' title='bbox 873 2069 1037 2117; x_wconf 81' lang='lat' dir='ltr'>consili</span> <span class='ocrx_word' id='word_1_122' title='bbox 1053 2082 1318 2115; x_wconf 83' lang='lat' dir='ltr'>memorem</span> <span class='ocrx_word' id='word_1_123' title='bbox 1335 2069 1515 2111; x_wconf 58' lang='lat' dir='ltr'>monesg</span> 
     </span>
    </p>
   </div>
   <div class='ocr_carea' id='block_1_11' title="bbox 1619 2298 1630 2608">
    <p class='ocr_par' dir='ltr' id='par_1_11' title="bbox 1619 2298 1630 2608">
     <span class='ocr_line' id='line_1_26' title="bbox 1619 2298 1630 2608; textangle 90"><span class='ocrx_word' id='word_1_124' title='bbox 1619 2355 1630 2608; x_wconf 38' lang='lat' dir='ltr'>sfi-ffle-v4·-....</span> <span class='ocrx_word' id='word_1_125' title='bbox 1623 2298 1630 2317; x_wconf 54' lang='lat' dir='ltr'>‚a</span> 
     </span>
    </p>
   </div>
  </div>
 </body>
</html>
