1630 2866
247 150 315 217 ῃ
573 151 1147 200 POENULUs
1408 169 1532 216 ψη

604 273 1208 309 ADVOCATUS.

930 336 1003 382 Ita
1034 352 1122 382 nos
1150 336 1536 390 assimulabimuffi

547 419 1248 460 COLLYBISCUS.

251 478 348 527 Sed
365 479 430 525 ita
445 480 784 537 assimulatote‚
814 479 946 540 quasi
975 496 1063 544 ego
1082 480 1170 526 sim
1186 482 1473 546 peregrinus.

550 564 553 568 ’
594 576 631 608 A
666 576 702 607 D
739 575 777 610 v
816 575 848 607 o
890 575 916 607 c
956 574 992 606 A
1027 574 1059 607 Τ
1096 574 1132 607 u
1171 575 1211 610 s.

718 670 733 686 .
1335 627 1538 676 Scilicet.

253 703 318 752 Et
345 702 546 765 quidem
576 703 707 764 quasi
739 713 796 749 tu
825 702 1080 751 nobiscum
1107 702 1363 751 adveniens
1393 703 1541 752 hodie

513 777 711 823 oraveris
729 813 741 835 ‚

254 851 484 897 Liberum
515 861 572 895 ut
592 863 1054 900 conmonstraremus
1081 851 1172 899 tibi
1201 853 1366 899 locum
1390 861 1439 899 et
1456 869 1542 901 vo·-

506 925 767 985 luptarium
785 961 798 983 ,

251 998 348 1045 Ubi
378 1013 529 1054 ameS,
564 1008 730 1058 potes,
764 1014 1077 1061 pergraecere.

674 1081 719 1115 M
754 1081 775 1113 1
811 1081 842 1113 Ι,
878 1082 906 1115 Ρ
947 1082 982 1114 Η
1018 1083 1038 1115 Ι
1079 1082 1128 1115 o.

751 1141 889 1200 Heu,
916 1143 1094 1205 edepol
1124 1144 1333 1191 mortalis
1363 1145 1540 1192 malos!

511 1236 1310 1273 AGORASTOGLES.

253 1297 356 1364 Ego
388 1298 518 1344 enim
547 1297 706 1343 docui.

677 1383 721 1425 M
756 1384 778 1416 1
813 1383 844 1416 L
879 1383 909 1417 P
948 1384 984 1417 H
1018 1385 1039 1416 1
1076 1384 1124 1418 ο.

546 1444 668 1515 Quis
704 1455 752 1490 te
786 1445 958 1505 porro?

550 1535 1254 1574 COLLYBISCUS.

675 1599 838 1664 Agite,
863 1602 990 1648 intro
1019 1602 1169 1659 abite,
1199 1600 1540 1665 Agorastocles:

258 1673 333 1719 Ne
355 1673 431 1717 hic
448 1689 531 1719 vos
549 1689 741 1718 mecum
757 1674 1055 1735 conspicetur
1071 1675 1204 1720 leno:
1225 1690 1322 1721 neu
1338 1673 1543 1721 fallaciae

262 1746 714 1806 praepedimentum
747 1745 1003 1808 objiciatur.

675 1830 718 1861 M
753 1830 774 1861 1
810 1830 840 1862 1.
877 1830 904 1861 P
941 1830 975 1862 Η
1011 1831 1032 1863 1
1073 1831 1119 1863 ο.

838 1891 931 1936 Hic
962 1891 1111 1937 homo
1145 1891 1376 1954 sapienter
1411 1893 1541 1955 sapit.

186 2008 190 2012 ,
257 1966 439 2024 Facite,
471 1965 605 2027 quod
634 1964 785 2028 jubet.

514 2048 1314 2083 AGORASTOCLES.

537 2109 787 2156 Abeamus.
815 2109 897 2155 sed
924 2110 1031 2156 vos!
1060 2111 1162 2156 satis
1192 2109 1478 2157 dictum’st?

548 2205 1266 2254 COLLYBISCUS„
1420 2254 1519 2303 'Ab‘

1506 2272 1535 2303 1.

518 2333 1306 2373 AGORASTOCLES.

259 2396 406 2448 Abeo.
431 2414 630 2459 quaeso,
650 2399 731 2445 Dii
754 2398 1051 2444 inmortales!
