1630 2866
57 166 152 217 v.6
342 159 630 210 AGTUS
685 159 742 206 V.
799 157 907 207 SC.
949 156 1049 206 IV.
1262 171 1326 219 95

59 272 254 320 Arabius
294 270 659 329 mutrhinusque
706 267 857 312 omnis
899 267 1024 312 odor
1060 266 1326 328 conplebat.

309 342 437 409 haud
471 342 657 387 sordere
685 340 784 385 visu
802 340 856 386 'st

59 417 99 463 F
100 414 364 471 estus-dies,
394 414 556 461 Venus
572 448 586 471 ‚
610 429 696 458 nec
712 425 852 459 tuum
870 412 1056 460 fanum:
1087 424 1242 461 tantus
1260 414 1328 460 ibi

312 490 592 534 clientarum
622 498 718 532 erat
743 502 994 543 numerus,

61 557 200 628 Quae
231 558 293 604 ad
324 558 634 620 Calydoniam
662 570 885 604 venerant
914 557 1162 606 Venerem.
1203 570 1333 606 certo

305 631 439 676 enim
458 663 473 686 ,
496 630 632 690 quod
650 631 850 690 quidem
867 631 927 676 ad
943 647 1029 677 nos
1049 632 1163 676 duas

65 698 315 759 Adtinuit‚
345 713 671 763 praepotentes
684 737 698 759 ‚
724 702 971 764 pulchrae,
1001 703 1219 765 pacisque
1240 719 1330 764 po-

16 794 36 812 ·
310 785 461 820 tentes
478 809 492 830 ,
518 791 675 831 sotor,
707 775 910 821 fuimus!

24 861 26 863 ·
59 844 310 906 Nequeab
327 848 584 910 juventute
606 847 673 893 ibi
689 848 944 894 inridicule
961 849 1168 896 habitae:
1193 849 1330 910 quod

310 919 423 979 pol,
445 934 600 976 soror,
619 920 780 964 ceteris
801 920 1022 966 omnibus
1043 920 1217 967 factum
1231 923 1299 969 'st.

317 1018 1047 1053 ADELPHASIUM.

58 1082 222 1129 Malim
249 1075 367 1129 istuc
399 1083 496 1129 aliis
523 1084 588 1129 ita
615 1083 856 1142 videatur,
893 1101 1041 1145 quam
1070 1086 1140 1131 uti
1170 1098 1224 1132 tu
1253 1099 1326 1148 te,

466 1172 593 1203 soror
609 1193 622 1214 ‚
655 1159 925 1204 conlaudem

319 1254 1073 1290 ANTERASTILIS.

918 1318 1066 1380 Spero
1091 1321 1331 1382 equidem.

274 1408 1074 1447 *ADBLPHASIUM

61 1474 130 1523 Et,
156 1475 240 1535 pol
274 1490 389 1537 ego;
425 1490 607 1534 quom,
642 1477 838 1540 ingeniis
870 1480 1042 1540 quibus
1070 1499 1228 1539 sumus
1262 1495 1331 1528 at-

314 1564 411 1608 que
439 1549 579 1605 aliae,
608 1565 854 1612 cognosco.

60 1620 132 1667 Eo
163 1637 322 1666 sumus
351 1634 516 1684 gnatae
555 1639 753 1686 genere,
784 1635 840 1669 ut
874 1625 1036 1672 deceat
1064 1643 1149 1673 nos
1182 1644 1274 1673 esse
1301 1645 1328 1698 a

310 1697 450 1757 culpa
479 1709 629 1743 castas.

539 1797 575 1829 11
608 1796 644 1829 A
675 1799 711 1831 N
744 1797 780 1830 N
813 1798 861 1831 Ο.

58 1860 315 1922 juppiter,>
339 1863 423 1923 qui
454 1879 598 1927 genus
624 1858 735 1909 colis
755 1866 930 1924 alisque
945 1864 1197 1909 hominum
1213 1899 1226 1922 ,
1245 1883 1330 1927 pet

313 1935 679 1993 quem’vivimus
697 1937 889 1982 vitalem
910 1953 1078 1982 aevom
1093 1972 1108 1994 ,

66 2006 232 2075 Quem
256 2023 399 2067 penes
421 2025 522 2068 spes
534 2010 659 2055 -vitae
679 2022 789 2056 sunt
806 2012 1058 2074 hominum
1083 2015 1328 2072 omnium‚'

315 2081 376 2124 da
404 2080 531 2126 diem
553 2084 683 2129 hunc
714 2086 933 2146 sospitem
947 2122 962 2144 ,
992 2105 1163 2148 quaeso
1183 2123 1198 2145 ‚

64 2152 225 2200 Rebus
257 2152 372 2197 meis
404 2153 626 2215 agundis-z
659 2156 832 2214 quibus
863 2174 1011 2203 annos
1046 2161 1221 2204 multos
1253 2175 1328 2203 ca·-

320 2225 396 2270 rui
413 2258 429 2281 ‚
459 2241 670 2284 quasque
704 2243 729 2271 e
756 2229 901 2286 patria

67 2299 258 2346 Perdidi
291 2315 480 2360 parvas,
516 2298 664 2346 redde
698 2298 777 2345 his
800 2300 1089 2349 libertatem:
1129 2303 1329 2350 invictae

317 2371 581 2433 praemium
608 2383 665 2418 ut
693 2388 785 2418 esse
815 2373 954 2419 sciam
980 2374 1154 2434 pietati.
