1630 2866
31 166 218 241 'v.115
350 175 619 226 Acrus
670 175 770 223 1v.
818 174 921 223 sc
973 175 1116 223 v11.
1248 188 1346 238 ρας

61 289 349 354 Symbolum
370 288 458 350 qui
481 288 574 334 hoc
601 285 805 348 accepit:
833 285 950 332 mira
965 285 1103 332 sunt!
1129 285 1344 333 Pseudo«

312 363 384 407 lus
417 374 495 408 est.
529 361 619 407 eho

59 434 161 482 Tu!
201 451 299 496 qua
331 431 448 479 facie
482 434 600 492 fuit,
633 432 827 529 dudum
862 433 982 493 quoi
1010 433 1180 479 dedisti
1210 439 1340 496 sym-J

317 507 528 553 bolum?

512 592 547 623 H
583 590 618 623 A
653 591 687 623 R
724 591 753 624 P
790 589 823 623 A
859 589 909 622 x.

58 651 208 699 Rufus
227 651 423 713 quidam
434 686 448 709 ,
463 651 726 698 ventriosus
744 685 758 708 ‚
775 651 927 696 crassis
944 651 1059 696 suris
1071 685 1086 709 ,
1101 651 1341 716 subniger,

58 726 239 789 Magno
259 726 412 788 capite
426 760 440 783 ,
462 726 611 772 acutis
634 725 809 783 oculis,
834 741 917 781 ore
940 725 1237 785 rubicundo,
1259 726 1343 772 ad-

316 798 522 844 modum

55 874 237 938 Magnis
267 873 486 936 pedibus.

577 951 601 985 s
635 952 659 985 1
694 952 739 985 M
774 951 822 985 o.

315 1029 327 1042 ⁶
396 1019 648 1065 Perdidisti
664 1054 681 1078 ,
699 1031 968 1082 ‘postquam
994 1021 1154 1068 dixisti
1176 1021 1338 1084 pedes.

56 1091 318 1140 Pseudolus
344 1091 438 1139 fuit
461 1093 602 1153 ipsus.

503 1178 536 1211 Β
568 1178 603 1211 Α
639 1178 671 1211 Ι,
704 1179 736 1212 Ι.
771 1179 794 1212 1
830 1179 876 1212 ο.

361 1237 539 1291 Actum
558 1239 613 1284 'st
632 1238 693 1285 de
718 1256 812 1285 me.
839 1241 940 1304 jam
967 1241 1170 1299 morior,
1188 1240 1336 1292 Simo.

507 1333 542 1365 Η
578 1334 613 1366 A
648 1335 684 1367 R
718 1335 747 1367 P
784 1335 821 1368 A
857 1334 906 1367 x.

56 1391 229 1439 Hercle
264 1391 396 1436 haud
431 1400 481 1436 te
514 1392 663 1438 sinam
704 1395 922 1452 emoriri,
956 1396 1045 1441 nisi
1085 1408 1337 1461 argentum

303 1465 422 1511 mihi
443 1466 665 1513 redditur
677 1503 692 1525 ‚

51 1538 239 1604 Viginti
265 1539 432 1584 minae.

328 1616 332 1619 ’
572 1617 596 1650 s
635 1617 657 1649 Ι
691 1618 736 1651 Μ
773 1618 820 1651 ο.

308 1674 471 1738 Atque
496 1678 639 1723 etiam
665 1678 783 1724 mihi
812 1679 928 1725 aliae
956 1679 1123 1744 viginti
1156 1681 1331 1729 minae.

506 1773 535 1804 B
570 1772 606 1805 A
640 1773 672 1806 L
707 1774 739 1806 1.
774 1775 796 1807 1
834 1774 882 1807 o.

50 1803 301 1876 Auferetur
321 1830 374 1877 id
390 1834 658 1893 praemium
682 1852 710 1880 a
729 1852 836 1894 me,
863 1836 1001 1897 quod
1026 1838 1220 1899 promisi
1240 1854 1328 1900 per

299 1903 507 1966 jocum?

565 1991 589 2024 s
624 1992 646 2024 1
680 1992 724 2025 M
758 1994 807 2028 o.

49 2037 128 2085 De
155 2038 364 2099 inprobis
393 2042 499 2086 viris
532 2043 700 2089 auferri
729 2047 998 2107 praemium
1026 2059 1076 2095 et
1101 2049 1327 2111 praedam

309 2112 458 2159 decet.

498 2192 527 2223 B
562 2192 599 2225 A
631 2194 664 2227 1.
697 2194 729 2226 1.
764 2196 786 2227 1
821 2196 868 2229 0.

46 2245 223 2297 Saltem
244 2248 536 2296 Pseudolum
561 2252 681 2297 mihi
714 2253 875 2299 dedas·

484 2343 487 2347 ·
626 2344 647 2375 1

566 2341 861 2454 {seuffolzm
887 2424 977 2474 ego
1004 2409 1179 2459 dedam
1200 2400 1328 2469 tibi?
