1598 2814
970 47 1036 95 p

71 174 119 206 v.
146 159 204 216 ⁷6
384 155 654 205 Ac‘rth
697 158 777 205 11.
828 157 939 207 sc.
986 159 1085 209 1v.
1258 170 1356 229 '543

434 280 471 312 D
507 279 527 311 1
560 279 596 311 N
632 278 667 311 A
703 278 739 312 R
773 279 802 311 c
835 279 873 314 Η
908 279 945 313 U
979 279 1037 314 s.-

387 338 647 407 Quidquid
667 351 829 386 autem
854 341 942 386 erit
957 375 974 399 ,
996 342 1111 388 boni
1132 343 1356 393 consulas«

394 435 424 473 P.
462 434 496 467 Η
533 436 567 469 R
603 435 635 468 o
672 435 707 468 N
741 435 773 468 E
808 435 833 469 s
870 436 894 469 1
929 435 966 468 υ
1000 437 1060 471 Μ.

71 491 258 541 Ecastor
287 509 464 540 munus
496 505 544 540 te
578 506 853 542 curaturum
877 496 972 543 scio
988 531 1004 555 ‚

74 565 141 613 Ut
164 566 337 631 quojus
359 584 439 614 me
467 583 569 622 non
597 568 872 630 poeniteat,
903 570 1061 616 mittas
1088 571 1220 618 mihi.

430 663 466 696 D
502 663 524 696 1
562 664 596 696 N
633 663 668 696 A
702 663 737 696 R
772 663 800 696 c
835 663 871 696 Η
906 663 943 696 U
978 663 1020 698 s.

71 720 206 767 Num
237 721 488 784 quidpiam
514 739 594 769 me
625 722 694 769 vis
724 721 891 768 aliud?

394 808 423 840 P
459 807 493 840 Η
531 809 566 841 R
601 807 635 840 ο
670 807 704 839 Ν
737 805 769 839 E
806 805 829 840 s
865 805 887 838 1
922 805 960 838 U
996 807 1055 840 M.

857 865 923 912 Ut
939 865 1177 928 ‚quando
1196 867 1356 916 otium

68 929 185 976 Tibi
216 931 302 988 sit,
327 930 388 978 ad
420 948 499 977 me
522 931 700 977 revisas.

422 1018 460 1050 D
494 1017 517 1049 Ι
552 1017 587 1050 N
622 1016 659 1050 A
690 1016 727 1049 R
761 1016 789 1048 C
826 1015 862 1050 H
899 1016 935 1050 U
974 1015 1013 1051 S.

367 1075 372 1077 ’
731 1076 910 1124 Valeas.

393 1161 423 1194 P
458 1160 494 1194 n
526 1162 563 1196 R
603 1161 636 1195 o
674 1162 708 1196 N
743 1163 775 1196 E
811 1163 834 1197 s
868 1163 891 1209 1ι
928 1162 964 1195 u
997 1164 1058 1197 M.

674 1238 677 1240 ·
929 1222 1059 1270 Vale.

423 1309 460 1343 D
499 1309 521 1341 1
553 1310 591 1342 N
627 1308 663 1342 A
698 1311 733 1344 R
770 1310 798 1342 C
837 1310 872 1344 Η
909 1310 945 1343 U
981 1310 1020 1344 S.

63 1367 155 1414 Pro
190 1366 269 1414 Dii
301 1367 596 1414 inmortales!
633 1385 735 1415 non
763 1371 960 1416 amantis
990 1372 1197 1419 mulieris
1214 1405 1239 1433 ‚-

62 1437 159 1483 Sed
192 1439 342 1484 sociae
378 1439 692 1485 unanimantis
706 1474 720 1497 ,
754 1441 940 1486 fidentis
972 1442 1065 1488 fuit

66 1509 292 1555 Officium
328 1509 475 1555 facere
492 1544 507 1566 ,
533 1499 684 1570 'quod
712 1511 863 1557 modo
895 1512 1008 1558 haec
1042 1513 1153 1560 fecit
1183 1516 1316 1565 mihi.

71 1581 457 1644 suppositionem
485 1583 624 1643 pueri
647 1599 769 1643 quae
798 1583 914 1628 mihi
936 1583 1138 1630 credidit
1153 1619 1170 1643 ,

65 1650 326 1702 Germa'nae
360 1657 496 1717 quod
522 1657 667 1701 sorori
687 1672 789 1702 non
817 1656 968 1703 credit
993 1674 1135 1703 soror.

65 1726 291 1774 Ostendit
331 1745 425 1774 sese
446 1729 547 1792 jam
571 1728 691 1773 mihi
710 1728 990 1774 medullitus
1007 1762 1022 1786 ,

65 1799 126 1846 Se
158 1802 277 1847 mihi
310 1802 556 1847 infidelem
587 1819 885 1863 numquam,
922 1818 969 1847 se
999 1802 1107 1848 viva
1125 1835 1140 1860 ‚
1175 1801 1287 1850 fore.

61 1871 228 1935 Egone
258 1874 389 1919 illam
425 1885 482 1919 ut
513 1890 616 1920 non
644 1875 835 1921 amem?
862 1890 1012 1938 egone
1042 1875 1114 1920 illi
1146 1887 1204 1921 ut
1237 1890 1340 1923 non

313 1945 438 1990 bene
466 1945 645 1990 velim?
731 1945 735 1947 ’

59 2015 143 2062 Me
167 2016 328 2076 potius
355 2032 455 2061 non
479 2017 649 2063 amabo
669 2051 684 2074 ,
712 2033 858 2077 quam
879 2019 991 2063 huic
1014 2017 1133 2063 desit
1159 2033 1306 2064 amor.

61 2087 164 2151 Ego
178 2087 252 2134 isti
268 2105 367 2133 non
377 2104 551 2134 munus
561 2090 771 2134 mittam?
780 2092 880 2152 jam
896 2090 1046 2135 modo
1058 2106 1118 2134 ex
1127 2089 1338 2138 hocloco

56 2160 250 2219 Jubebo
282 2160 342 2206 ad
359 2160 492 2205 istam
509 2161 724 2221 quinque
740 2161 933 2221 perferri
952 2163 1126 2208 minas:

52 2222 304 2300 *Praeterea
322 2234 536 2279 obsonari
554 2234 800 2279 dumtaxat
817 2234 877 2278 ad
901 2235 1096 2280 minam.

66 2305 228 2353 Multo
247 2308 316 2352 illi
333 2306 488 2368 potius
505 2306 630 2353 bene
650 2306 737 2353 erit
752 2339 766 2363 ‚
785 2307 908 2352 bene
927 2323 1051 2366 quae
1068 2309 1172 2354 volt
1191 2309 1338 2374 mihi,

66 2379 230 2448 Quam
244 2381 461 2427 mihimet
475 2414 490 2439 ,
511 2380 671 2427 omnia
699 2379 785 2440 qui
810 2380 927 2426 mihi
947 2380 1068 2426 facio
1086 2382 1222 2428 mala.
