1690 2872
106 135 233 184 ιη
404 117 699 168 ACTUS
745 121 824 167 11.
876 119 982 169 se.
1032 120 1133 171 1v.
1292 129 1393 185 44⁷·

496 237 519 272 S
558 239 589 271 T
628 238 662 271 A
701 237 724 271 S
761 239 783 271 1
818 237 862 272 M
897 238 934 272 ‘U
968 238 1007 273 S.

105 285 376 360 Trzipezitae
407 298 538 344 mille
567 299 934 346 drachumarum
954 300 1297 362 Olympicum,

104 370 238 440 Quas
264 371 326 416 de
354 372 535 417 ratione
560 372 791 431 debuisti,
820 373 1048 420 redditae.

425 465 1059 504 LESBONIGUS.

103 522 292 586 Nempe
322 540 437 585 quas
459 526 713 588 spopondi.
989 527 991 537 ²

489 610 511 645 S
550 611 582 643 Τ
617 610 652 644 A
687 610 709 644 S
747 611 767 644 I
802 611 846 644 M
883 611 919 644 U
956 610 991 645 S.

529 671 719 730 Immo,
752 688 867 732 quas
897 672 1139 734 dependi,
1177 675 1385 736 inquito.·

102 743 234 812 Quas
264 743 516 804 sponsione
549 760 793 806 pronuper
823 755 880 791 tu
902 749 1092 791 exactu‘s
1126 763 1172 792 es

101 816 193 862 Pro
210 816 294 862 illo
312 817 639 877 adulescente,
662 835 814 879 quem
836 830 892 864 tu
914 819 1036 865 aibas
1061 837 1153 866 esse
1171 820 1384 870 divitem.

416 893 1051 946 LEsnonrciis.

92 961 303 1010 Factum.

487 1038 995 1073 STASIMUS.

253 1096 320 1144 Ut
347 1097 547 1159 quidem
565 1098 688 1144 illud
707 1099 911 1160 perierit.

412 1190 1110 1233 LESBONICUS.»

754 1253 954 1300 Factum
977 1255 1030 1300 id
1059 1271 1262 1316 quoque
1292 1267 1373 1304 est.

87 1326 211 1372 Nam
240 1341 372 1373 nunc
400 1343 514 1372 eum
535 1326 636 1373 vidi
663 1328 917 1387 miserum,
942 1341 990 1376 et
1010 1346 1091 1375 me
1114 1330 1212 1392 ejus
1231 1331 1373 1386 mise-¹

342 1409 491 1442 ntum
507 1399 575 1443 ’st.

480 1481 503 1514 s
540 1483 572 1515 Τ
607 1481 643 1514 A
677 1481 700 1513 s
737 1482 758 1514 1
794 1483 837 1515 M
872 1469 909 1516 ὓ
945 1483 986 1516 S.

87 1539 278 1587 Miseret
298 1551 348 1586 te
363 1542 585 1597 aliorum,
601 1539 675 1585 tui
691 1550 739 1584 te
757 1556 844 1584 nec
858 1541 1045 1587 miseret
1058 1575 1073 1599 ,
1087 1557 1176 1588 nec
1198 1544 1367 1604 pudet.

538 1627 567 1659 P
605 1626 640 1658 H
673 1626 694 1658 I
729 1626 760 1659 L
798 1627 830 1659 T
866 1627 915 1661 O.

88 1684 304 1746 Tempus
334 1684 542 1731 adeundi
572 1696 653 1731 est.
854 1725 860 1728 .

408 1772 442 1805 Ι,
475 1773 510 1806 R
543 1771 566 1804 s
600 1771 628 1803 Β
669 1771 701 1804 o
739 1772 773 1804 N
809 1772 831 1804 1
865 1772 893 1804 c
929 1770 966 1803 U
1000 1770 1038 1805 s.

534 1833 677 1878 Estne
708 1833 786 1878 hic
812 1832 969 1878 Philto
981 1832 1108 1893 {qui
1133 1832 1366 1887 advenit?

79 1904 149 1963 Is,
171 1904 356 1962 hercle,
381 1913 449 1950 est
469 1904 609 1966 ipsus.

467 1989 491 2023 S
528 1991 559 2023 T
595 1990 630 2024 A
654 1990 690 2024 'S
726 1990 749 2022 1
784 1989 829 2023 Μ
863 1989 899 2022 U
937 1989 975 2023 S.

625 2050 813 2111 Edepol
834 2066 921 2095 nae
945 2066 1031 2113 ego
1053 2051 1197 2096 istum
1217 2053 1363 2100 velim

75 2123 245 2171 Meum
275 2124 374 2170 fieri
404 2140 590 2170 servom
618 2140 730 2169 cum
760 2139 844 2168 suo
878 2123 1081 2183 peculio.

225 2251 229 2252 γ
527 2217 557 2250 1>
596 2216 631 2249 H
666 2217 687 2250 1
721 2216 752 2248 L
789 2216 820 2247 T
857 2216 904 2248 o.

74 2275 264 2323 Herum
291 2288 435 2338 atque
457 2292 642 2322 servom
666 2275 930 2337 plurimum
948 2275 1106 2324 Philto
1124 2278 1266 2342 jubet

72 2346 258 2396 Salvere
275 2384 291 2409 ,
319 2349 639 2397 Lesbonicum
661 2360 710 2395 et
727 2347 992 2395 Stasimum.
