1630 2866
235 183 330 230 324
655 161 700 208 R
730 160 776 208 U
808 160 854 206 D
888 160 928 208 E
960 160 1005 206 N
1037 158 1083 208 S.
1355 179 1401 210 v.
1427 175 1519 209 102-

688 283 1062 318 GRIPUS.

234 356 365 400 Turn
383 348 494 410 tibi,
526 352 682 398 hercle
694 386 708 409 ,
729 351 857 397 Deos
878 352 1018 398 iratos
1037 369 1129 400 esse
1146 363 1337 416 oportet
1350 388 1363 411 ,
1389 355 1538 416 quis-.

488 441 592 486 qu1s
629 441 674 470 es
691 458 706 481 ,

235 500 372 568 Quae
390 496 596 559 parentis
618 496 671 541 in
695 505 793 541 tam
812 505 1068 560 angustum
1090 505 1199 543 tuos
1218 497 1384 544 locum
1402 511 1516 543 con-

486 569 679 634 pegeris.

560 658 566 662 ⁴
625 664 661 696 D
700 662 734 696 A
770 663 800 696 E
839 664 882 697 M
916 662 951 696 0
987 663 1022 697 N
1055 663 1086 698 E
1124 663 1164 698 S.

166 724 167 727 Ἴ
233 736 409 797 Gripe,
448 731 617 778 accede
649 732 758 777 hue.
799 741 881 777 tua
921 747 991 777 res
1027 731 1191 796 agitur.
1230 742 1285 778 tu
1324 732 1483 794 puella
1501 765 1516 791 ,

482 807 617 853 istinc
644 806 814 868 procul

235 885 395 931 Dicito
410 917 422 940 ‚
438 881 557 942 quid
575 879 707 937 insit,
725 890 772 924 et
791 895 886 940 qua
902 878 1038 936 facie,
1057 888 1322 925 memorato
1346 877 1518 924 omnia.

235 957 282 1003 Si
305 956 460 1003 hercle
489 953 729 1000 tantillum
746 953 966 1013 peccassis
985 986 999 1009 ,
1021 951 1158 1013 quod
1179 951 1408 1013 posterius
1426 967 1518 1013 po-

498 1028 641 1072 stules

231 1104 305 1149 Te
335 1101 397 1147 ad
421 1115 591 1146 verum
620 1096 834 1141 convorti
849 1130 862 1152 ,
894 1111 1039 1159 nugas
1055 1130 1069 1152 ‚
1103 1095 1275 1141 mulier
1290 1128 1305 1153 ,
1327 1110 1516 1160 magnas

485 1168 643 1233 egeris.

689 1252 722 1287 G
756 1254 791 1288 R
826 1253 847 1285 1
882 1254 911 1287 P
948 1254 983 1287 U
1018 1254 1056 1288 s.

226 1314 309 1373 Jus
326 1312 513 1358 bonum
534 1323 647 1354 oras,

589 1401 621 1433 T
658 1401 692 1434 R
727 1398 762 1431 A
797 1399 824 1431 C
865 1398 900 1432 H
937 1398 973 1432 A
1008 1399 1040 1433 L
1074 1399 1096 1432 1
1134 1399 1205 1433 Os

492 1463 682 1525 Edepol
707 1460 837 1507 haud
863 1474 964 1507 orat
984 1471 1059 1507 te:
1094 1478 1207 1508 nam
1229 1471 1286 1508 tu
1310 1461 1517 1526 injurius.

615 1567 652 1599 D
688 1564 723 1598 A
758 1566 789 1598 E
826 1565 869 1598 Μ
904 1565 936 1598 o
975 1566 1010 1599 N
1046 1565 1076 1598 E
1112 1565 1150 1599 s.

232 1637 453 1699 Loquere
475 1649 604 1680 nunc
626 1635 726 1698 jam
743 1668 757 1691 ,
777 1634 950 1694 puella.
981 1635 1128 1698 Gripe
1147 1668 1162 1694 ‚
1191 1635 1406 1682 animum
1432 1632 1518 1679 ad·-

482 1717 645 1764 vorte,
675 1722 727 1752 ac
759 1717 872 1751 tace.

586 1801 615 1834 P
651 1799 687 1834 A
716 1799 750 1836 Ι,
783 1798 819 1831 A
853 1799 884 1832 E
921 1794 956 1832 s'
982 1797 1014 1830 Τ
1048 1798 1083 1832 R
1118 1797 1169 1831 A.

232 1864 356 1912 Sunt
383 1861 655 1927 crepundia.

615 1953 652 1985 D
694 1951 730 1984 A
763 1950 794 1983 E
830 1951 874 1984 M
911 1951 943 1984 0
981 1950 1015 1983 Ν
1049 1950 1079 1984 Ε
1117 1950 1158 1985 s.

600 2010 723 2057 Ecca
741 2009 897 2055 video.

681 2102 717 2136 G
753 2103 788 2137 R
824 2102 847 2135 1
882 2102 910 2135 P
949 2101 985 2134 U
1021 2101 1058 2135 s.

891 2162 1017 2209 Perii
1039 2163 1090 2208 in
1113 2162 1273 2225 primo
1298 2161 1507 2224 proelio!

230 2231 371 2277 Mane
387 2263 402 2290 ‚
427 2245 493 2277 ne
515 2227 782 2277 ostenderis.

623 2323 736 2361 DoA
770 2323 800 2356 Ε
836 2323 880 2356 Μ
916 2323 949 2356 o
987 2323 1022 2356 N
1055 2322 1085 2354 E
1120 2320 1164 2353 s.

515 2391 631 2459 Qua
659 2389 775 2437 facie
803 2389 948 2436 sunt?
976 2385 1211 2448 responde
1239 2400 1299 2432 ex
1334 2385 1513 2435 ordine.
