1630 2866
253 224 348 271 214
542 208 1187 267 PSEUDOLUS.
1400 231 1539 284 v.3t

710 335 747 368 H
782 335 816 369 A
852 336 887 370 R
920 335 949 370 P
986 337 1021 371 A
1054 336 1104 373 X.

190 391 197 395 ’
250 394 334 443 Me
361 410 491 441 nunc
523 395 779 443 conmoror
795 432 810 454 ,
840 414 992 459 quom
1018 399 1100 445 has
1127 399 1240 448 foris
1261 416 1363 448 non
1392 401 1536 463 ferio,'

251 467 319 517 Ut
344 470 516 528 sciam,
543 471 663 518 sitne
689 471 838 517 Bauio
869 472 1017 518 domi·

711 558 741 590 Β
778 557 814 590 A
846 557 878 591 L
911 557 943 591 L
978 558 1002 592 1
1036 559 1086 592 o.

1039 618 1201 666 Venus
1229 619 1349 666 mihi
1372 620 1487 667 haec

251 687 384 734 Bona
398 687 478 734 dat
495 722 509 745 ,
534 704 685 749 quom
704 689 790 735 hos
806 690 902 737 huc
919 692 1063 757 adigit
1079 691 1328 757 lucrifugas
1341 727 1356 751 ,
1376 693 1537 739 damni

250 761 487 823 cupidos,
509 761 595 822 qui
613 778 661 807 se
685 777 916 823 suamque
944 775 1147 809 aetatem
1169 763 1296 809 bene
1314 774 1503 815 curant3

250 835 418 887 Edunt
433 870 447 893 ,
468 835 672 893 bibunt,
708 847 986 883 scortantur.
1013 837 1083 884 illi
1102 848 1213 883 sunt
1236 837 1328 883 alio
1345 836 1540 901 ingenio

503 919 649 969 atque
680 919 764 966 tu,

252 982 355 1052 Qui
389 998 550 1042 neque
585 981 674 1028 tibi
706 982 832 1028 bene
861 998 955 1028 esse
986 993 1179 1044 patere,
1205 993 1255 1030 et
1281 982 1397 1042 illis,
1431 981 1541 1044 qui-

505 1054 596 1100 bus
627 1066 722 1111 est,
750 1055 946 1101 invides.

703 1140 738 1173 Η
774 1141 809 1173 A
845 1141 878 1174 R
916 1141 945 1174 P
981 1141 1017 1173 A
1052 1141 1104 1173 x.

247 1200 405 1248 Heus!
440 1201 526 1247 ubi
552 1201 655 1247 estis
687 1201 808 1247 vos?

704 1286 732 1318 Β
770 1285 806 1318 Α
842 1284 872 1317 L
908 1285 940 1318 L
974 1285 996 1318 1
1034 1285 1083 1319 o.

389 1345 484 1392 Hic
502 1346 703 1407 quidem
722 1346 782 1392 ad
800 1363 879 1392 me
899 1357 1026 1393 recta
1042 1346 1187 1393 habet
1202 1355 1382 1393 rectam
1398 1332 1553 1395 viar&

699 1438 734 1471 H
770 1439 806 1471 A
841 1440 876 1472 R
909 1439 939 1472 P
977 1439 1014 1472 A
1049 1438 1100 1473 x.

248 1496 409 1545 Heus!
440 1497 526 1544 ubi
553 1498 658 1544 estis
687 1498 805 1544 vos?

698 1584 726 1616 Β
764 1583 798 1616 A
832 1583 864 1615 L
899 1583 930 1615 L
966 1584 989 1616 1
1026 1585 1074 1618 o.

385 1644 539 1690 Heus!
574 1645 871 1702 adulescens,
903 1645 1025 1706 quid
1049 1645 1148 1690 istic
1181 1643 1386 1691 debetur
1410 1645 1539 1691 tibi?

243 1715 374 1764 Bene
417 1735 505 1782 ego
542 1718 602 1763 ab
635 1719 726 1764 hoc
767 1719 1017 1780 praedatus
1055 1719 1170 1764 ibo:
1214 1718 1360 1770 novi;
1401 1719 1528 1766 bona

498 1809 658 1839 scaeva
689 1806 757 1839 est
783 1793 917 1839 mihi.

698 1884 734 1919 H
765 1879 801 1912 A
836 1881 871 1913 R
905 1879 934 1912 P
972 1878 1008 1911 A
1044 1878 1097 1912 x.

243 1939 417 2002 Ecquis
444 1940 538 1987 hoc
561 1941 745 2003 aperit?

698 2029 727 2061 B
763 2029 798 2063 A
833 2029 865 2062 L
901 2029 933 2064 L
969 2030 990 2062 Ι
1029 2031 1079 2064 O·

406 2090 542 2137 Heus
563 2091 866 2154 chlamydate
876 2126 894 2149 ,
918 2092 1040 2152 quid
1059 2091 1160 2138 istic
1184 2090 1390 2139 debetur
1407 2090 1531 2137 tibi?

693 2184 729 2218 Η
763 2185 798 2218 A
835 2186 869 2220 11
904 2185 932 2218 P
968 2186 1003 2219 A
1038 2186 1090 2220 x.
1405 2226 1410 2230 ,
1465 2183 1470 2191 ’

242 2244 453 2293 Aedium
481 2243 736 2293 dominum
767 2247 995 2293 lenonem
1012 2245 1277 2293 Ballionem
1294 2243 1527 2305 quaerito.

700 2333 730 2365 Β
765 2333 800 2366 A
834 2332 867 2365 L
901 2333 932 2366 L
967 2333 989 2365 1
1027 2332 1072 2365 o.

243 2391 470 2460 Quisquis
505 2407 551 2437 es
570 2424 585 2448 ,
619 2391 891 2438 adulescens
906 2426 922 2449 ,
967 2407 1157 2453 operam
1185 2389 1256 2436 fac
1286 2389 1529 2452 conpendi

493 2479 733 2525 quaerere.
