1598 2814
94 200 186 249 v.5
355 216 392 235 .-
500 190 835 239 ACTUS
900 192 957 239 V.
1281 197 1366 254 581

418 310 447 343 P
485 309 518 342 H
555 311 587 344 R
627 310 660 343 Ο
699 311 733 344 N
768 311 800 344 E
835 309 861 344 S
898 310 918 342 I
954 309 990 344 U
1026 311 1083 345 Μ.

382 368 766 431 Nemeappella.

352 462 1142 500 STRATOPHANES.

769 527 987 574 NImium
1008 527 1162 574 saevis.

416 610 446 642 1²
484 609 518 642 H
553 611 587 644 R
623 610 655 643 Ο
692 612 726 644 N
762 611 792 644 E
829 611 852 645 S
891 612 911 644 1
949 611 983 644 U
1020 613 1078 644 M.

1165 661 1238 709 Sic
1261 663 1369 708 sine.

93 725 246 773 Potin’
262 743 308 774 es
322 761 344 785 ‚1
358 738 414 772 ut
432 728 551 774 mihi
569 731 792 775 molestus
810 746 871 777 ne
891 731 973 776 sies
985 731 1008 775 ἱ)

351 821 1136 857 STRATOPHANES.

554 932 558 937 .
662 883 823 952 Quid,
853 883 1235 945 Astaphilitium,
1264 882 1367 927 est?

103 1012 110 1015 μ
447 966 481 999 Α
515 966 538 1000 s
575 967 606 1000 Τ
643 966 676 999 Α
715 968 742 999 Ρ
785 968 818 1001 H
854 969 874 1000 1
911 969 945 1001 U
982 969 1036 1002 M.

91 1024 262 1071 Merito
283 1037 457 1072 ecastor
483 1028 573 1073 tibi
599 1039 850 1074 succenset.

414 1123 1065 1158 PHRONESIUM.

551 1185 737 1249 Egon’?
763 1196 907 1246 atque
931 1184 1004 1230 isti
1031 1184 1170 1230 etiam
1197 1200 1367 1245 parum

89 1244 215 1293 Male
236 1249 360 1295 volo.

353 1331 1134 1369 STRATOPHANES.

282 1391 410 1452 Ego,
429 1406 534 1434 mea
550 1392 798 1451 voluptas,
821 1391 855 1436 si
872 1391 989 1451 quid
1004 1391 1195 1452 peccavi
1205 1393 1337 1473 ‘prius
1349 1427 1363 1448 ‚

90 1459 389 1523 Supplicium
418 1462 479 1507 ad
499 1473 547 1507 te
573 1462 692 1507 hanc
716 1463 897 1508 minam
920 1463 1020 1508 fero
1048 1465 1158 1510 auri.
1183 1466 1219 1509 si
1246 1467 1363 1511 mihi

284 1542 285 1545 ’
342 1532 492 1590 rides,
525 1533 688 1594 espice.

416 1624 444 1657 P
481 1623 515 1656 H
551 1625 598 1657 R
619 1625 651 1657 O
688 1626 721 1657 N
757 1624 786 1656 E
825 1624 846 1657 S
885 1625 906 1656 1
943 1624 978 1657 U
1015 1625 1071 1657 M.

89 1683 261 1729 Manus
280 1694 429 1740 vetat,
450 1683 721 1744 priusquam
739 1699 882 1744 penes
902 1699 995 1728 sese
1013 1684 1180 1728 habeat
1192 1717 1206 1740 ‚
1226 1682 1368 1743 quid-

350 1772 496 1816 quam
522 1755 726 1801 credere.

91 1827 242 1873 Puero
265 1844 364 1889 opu
381 1829 436 1874 'st
451 1819 615 1874 cibum
627 1863 640 1885 ‚
662 1846 781 1890 opus
801 1839 868 1875 est
882 1827 1022 1874 matri
1040 1836 1201 1874 autem
1213 1860 1227 1884 ,
1244 1843 1364 1887 quac

348 1917 556 1961 puerum
576 1900 690 1946 lavit
703 1935 717 1957 ‚
736 1926 740 1929 ⁴

91 1971 229 2033 Opus
251 1972 424 2018 nutrici
455 1984 615 2018 autem
631 2007 645 2029 ‚
677 1984 834 2019 utrem
849 1983 904 2018 ut
922 1971 1091 2017 habeat
1111 1971 1277 2017 veteris
1294 1972 1365 2017 vi-

342 2045 422 2102 ni,
454 2046 636 2109 largiter

91 2116 156 2162 Ut
184 2115 282 2162 dies
305 2129 564 2177 noctesque
589 2126 751 2178 potet:
785 2133 885 2177 opu
903 2117 957 2162 ’st
982 2117 1118 2180 igne,
1149 2133 1268 2178 opus
1299 2127 1366 2163 est

345 2188 645 2234 carbonibus:

92 2261 253 2307 Fasciis
279 2277 396 2322 opus
425 2272 516 2317 est,
544 2242 780 2320 pulvinis,
813 2259 942 2304 cunis
960 2292 974 2315 ,
1006 2258 1326 2305 incunabulis:

94 2333 273 2379 Oleum
303 2349 421 2395 opus
450 2342 545 2388 est,
577 2330 718 2376 farina
738 2346 888 2392 puero
914 2346 1034 2391 opus
1067 2341 1154 2376 est:
1192 2347 1291 2392 opu
1310 2333 1363 2380 ’st

351 2416 509 2451 totum
533 2403 671 2449 diem.

1024 2476 1174 2538 003
