1630 2866
94 139 254 186 v.157
419 122 707 173 ACTUS
758 125 796 170 1.
846 122 952 171 SC.
1000 125 1077 172 11.
1274 141 1369 189 431

451 245 478 276 c
515 243 548 276 A
584 243 614 275 L
650 241 682 275 1.
718 242 739 276 1
775 241 802 274 c
836 241 868 275 1.
902 242 934 276 Ε
972 241 1010 275 s.

354 305 491 375 Quid
520 304 620 350 vis?

382 391 1107 431 MEGARO'NIDES.

638 457 731 504 Ubi
753 473 884 504 nunc
905 457 1176 503 adulescens
1194 455 1370 504 habet?

450 555 478 588 C
515 555 551 588 A
585 556 616 589 1.
650 555 681 589 L
718 555 739 588 Ι
774 556 802 588 C
837 555 866 588 I.
902 555 933 587 E
972 554 1008 588 S.

90 616 382 663 Posticulum
411 616 504 662 hoc
532 617 736 678 recepit,
770 632 924 677 quom
953 615 1079 662 aedis
1101 613 1334 661 vendidit.

381 708 1111 743 MEGARONIDES.

87 770 213 815 Istuc
234 768 459 815 volebam
482 769 608 814 scire.
645 769 662 813 i
688 784 795 814 sane
825 785 956 815 nunc
981 769 1088 814 i'am.

88 842 184 889 Sed
202 842 322 903 quid
341 841 434 888 ais?
907 826 919 838 ’

441 910 990 951 GALLICLE‘”8.

379 976 552 1046 Quid?

378 1065 1109 1104 MEGARONIDES.

463 1131 606 1177 Nunc
622 1131 755 1194 virgo
774 1145 951 1190 nempe
969 1129 1102 1190 apud
1116 1139 1166 1174 te
1184 1140 1262 1174 est.

440 1223 468 1255 c
502 1223 538 1256 A
571 1223 602 1256 1.
638 1223 669 1256 1.
700 1223 728 1267 ‚1
764 1221 791 1255 c
827 1222 858 1254 L
895 1221 925 1254 Ε
968 1221 1007 1254 s.

524 1336 531 1339 ᾖ
1147 1273 1218 1319 Ita
1233 1307 1247 1330 ,
1270 1284 1363 1318 est:

79 1341 322 1402 Juxtaque
349 1357 454 1386 eam
487 1357 602 1387 curo
624 1356 739 1386 cum
766 1356 883 1386 mea.

375 1430 1105 1466 MEGARONIDES.

901 1486 1201 1532 Rectefacis.

444 1573 471 1605 c
511 1571 546 1604 A
582 1571 613 1604 1.
650 1571 680 1603 1.
709 1553 738 1602 '1
776 1571 804 1603 c
839 1571 871 1602 1.
906 1571 938 1603 r:
975 1571 1013 1604 s.

86 1635 245 1690 Num,
275 1633 553 1693 priusquam
578 1629 725 1685 abeo,
758 1645 837 1674 me
858 1629 1139 1693 rogaturus?

377 1723 1100 1758 MEGARONIDES.

1234 1774 1365 1822 Vale.

87 1845 219 1892 Nihil
242 1855 308 1890 est
331 1843 547 1905 profecto
572 1841 759 1888 stultius
775 1875 790 1898 ‚
809 1855 970 1901 neque
992 1838 1204 1885 stolidius
1219 1874 1235 1896 ,

86 1920 259 1979 Neque
290 1916 700 1977 mendaciloquius
716 1948 731 1972 ‚
764 1930 924 1974 neque
948 1923 1169 1976 argutum
1193 1913 1364 1976 magis,

24 2042 29 2044 ,
86 1993 260 2052 Neque
291 1987 776 2047 confidentiloquius,
808 2001 970 2045 neque
1002 1984 1259 2046 perjurias,

84 2065 249 2134 Quam
279 2060 447 2106 urbani
480 2059 647 2105 assidui
668 2059 789 2104 cives
804 2092 818 2114 ‚
843 2073 964 2117 quos
992 2071 1163 2100 scurras
1178 2067 1384 2127 vocant..

82 2136 248 2196 Atque
261 2144 450 2196 egomet
463 2149 543 2178 me
556 2131 675 2179 adeo
687 2146 799 2176 cum
809 2129 898 2174 illis
910 2145 1003 2174 una
1017 2127 1196 2174 ibidem
1211 2130 1365 2186 traho,

81 2209 183 2279 Qui
198 2208 391 2254 illorum
411 2205 566 2252 verbis
587 2204 704 2249 falsis
726 2212 943 2262 acceptor
970 2199 1065 2244 fui:

83 2283 190 2352 Qui
225 2281 387 2328 omnia
427 2297 475 2326 se
518 2279 741 2326 simulant
780 2275 893 2322 scire
911 2308 927 2332 ,
970 2288 1060 2320 nec
1099 2273 1365 2336 quidquam

335 2363 500 2399 sciunt.
