1598 2814
73 182 200 244 v.36
339 176 630 225 ACTUS
680 177 760 223 11.
814 175 915 222 SC.
968 176 1107 222 VII.
1263 192 1353 235 555

76 289 177 360 Qui
194 289 319 350 ipsus
341 305 388 333 se
417 298 620 343 comest,
650 285 811 342 tristiS‚
841 285 987 331 oculis
1006 285 1169 331 malis?
1188 286 1350 332 animo

327 362 485 407 hercle
511 361 658 407 horno
689 375 775 405 suo
802 369 869 404 est
898 355 1068 413 miser,

81 436 312 507 Quisquis
340 445 421 481 est.
451 487 461 496 ,

402 520 431 553 1²
468 519 502 552 H
538 519 572 552 R
609 517 641 551 Ο
679 518 712 550 N
750 515 782 550 E
818 515 840 550 S
878 518 899 551 1
937 517 972 551 U
1007 517 1063 552 M.

236 589 421 654 Dignus
438 598 505 634 est
520 596 762 633 mecastor.

590 679 623 712 G
658 678 689 711 E
726 678 757 710 T
792 678 846 711 A.

566 745 757 808 Ecquid
773 747 874 793 est?

403 841 433 874 1²
469 839 504 872 H
542 839 576 872 R
614 839 646 872 Ο
683 839 717 872 N
752 839 783 872 E
821 838 844 872 S
885 839 906 871 1
943 838 979 871 U
1014 839 1072 872 M.

768 904 882 951 Non
902 898 1102 961 novisti,
1129 903 1349 951 obsecro.
1337 905 1358 939 Ρ

84 982 186 1050 Qui
199 981 292 1027 illic
308 979 438 1043 apud
459 995 538 1025 me
556 989 675 1035 erat,
696 978 838 1042 hujus
856 990 989 1041 pater
1007 978 1145 1040 pueri
1166 978 1260 1023 illic
1282 988 1360 1024 est.

340 1070 493 1114 usque
514 1053 575 1098 ad
594 1053 897 1116 jentaculum

77 1128 219 1187 Jussit
238 1128 313 1174 ali.
338 1124 507 1183 mansi,
527 1125 807 1182 auscultavi,
826 1126 1087 1173 observavi.

596 1218 630 1252 G
665 1219 695 1251 E
732 1218 763 1250 T
799 1217 849 1252 A.

950 1271 1114 1341 Quem
1138 1285 1365 1333 pernam,

85 1346 211 1394 Novi
223 1346 472 1392 hominem
488 1345 642 1390 nihili.
661 1345 756 1391 illic
776 1361 949 1406 quaeso
972 1345 1072 1401 est?

411 1444 1069 1478 PHRONESIUM.

704 1513 915 1558 Illicest.

611 1604 644 1638 G
680 1605 711 1638 E
749 1605 780 1638 Τ
817 1605 867 1639 Α,

831 1665 941 1710 Me'
928 1675 1144 1710 intuetur
1165 1677 1367 1728 gemens.

92 1737 257 1783 Traxit
286 1749 345 1782 ex
378 1735 552 1782 intimo
587 1747 752 1782 ventre
791 1737 1052 1798 suspirium.
1095 1736 1188 1781 hoc
1226 1735 1336 1781 vide
1353 1769 1367 1792 ‚

342 1809 565 1855 dentibus

92 1882 313 1928 Frendit:
349 1883 431 1928 icit
458 1883 624 1929 femur.
652 1901 772 1939 num
808 1884 1002 1930 obsecro
1031 1900 1144 1930 nam
1172 1882 1369 1937 ariolus,

346 1956 430 2015 qui
457 1956 583 2016 ipsus
610 1974 657 2002 se
684 1957 898 2004 verberat
914 1957 936 2002 ?

357 2046 1139 2083 STRATOPHANES.

97 2114 144 2159 N
147 2130 240 2160 unc
257 2130 342 2177 ego
359 2131 490 2160 meos
506 2117 686 2162 animos
700 2118 931 2164 violentos
945 2153 959 2175 ,
979 2134 1234 2178 meamque
1250 2118 1366 2163 iram

349 2205 409 2233 ex
434 2201 627 2252 pectore

10 2308 17 2317 ,
93 2260 200 2318 Jam
222 2276 451 2322 promam.
473 2263 694 2323 loquere:
725 2264 859 2310 unde
884 2265 964 2310 es?
994 2265 1167 2329 quojus
1192 2265 1270 2310 es?
1287 2280 1370 2310 cur

351 2351 486 2380 ausus
519 2335 827 2382 inclementer

100 2405 220 2450 Mihi
248 2407 405 2452 dicere
420 2407 441 2450 Ξ)
