1630 2866
55 177 144 210 v.1
327 158 600 209 ACTUS
653 160 771 205 111.
806 156 924 225 ‚SC.
978 160 1056 205 ΙΙ.
1240 171 1337 226 971

417 328 805 376 SCENA
869 329 968 375 11.

62 466 700 507 TRAGHALIO,
758 466 1336 504 DAEMONES.

416 604 1002 663 TRACHAJLIO.

60 658 192 770 PR
210 734 244 768 o
265 756 279 779 ‚
309 722 593 789 Cyrenenses
616 723 892 783 populares!
927 734 1134 770 vostram
1157 739 1243 788 ego
1264 725 1336 770 in-

307 796 446 856 ploro
481 795 626 841 fidem
645 831 659 853 ‚
756 798 766 801 ”

4 890 10 897 -
57 868 302 933 Agricolae
317 903 333 926 ,
366 870 547 915 accolae
568 903 583 926 ‚
614 869 999 931 propinqui-qui
1027 871 1130 917 estis
1157 870 1228 915 his
1262 886 1336 916 re·-

209 1000 211 1002 η
319 940 537 1004 gionibus
553 976 568 997 ,

61 1015 197 1061 Ferte
232 1029 377 1075 opem
417 1015 603 1075 inopiae
622 1048 638 1072 ,
673 1026 820 1077 atque
862 1016 1139 1077 exemplum
1178 1032 1337 1078 pessu-

313 1101 452 1131 mum
481 1087 806 1153 pessumdate‚

59 1158 331 1206 Vindicate:
364 1173 427 1205 ne
458 1160 700 1222 inpiorum
730 1163 891 1224 potior
920 1162 979 1208 sit
1010 1161 1239 1224 pollentia
1255 1195 1272 1219 ‚

60 1230 224 1300 Quam
254 1231 584 1278 innocentium
602 1267 618 1291 ‚
655 1235 737 1295 qui
768 1251 815 1281 se
843 1236 1013 1281 scelere
1037 1235 1136 1280 fieri
1162 1235 1338 1281 nolunt

230 1333 244 1347 ι
313 1306 509 1352 nobiles.

58 1376 260 1424 Statuite
278 1378 554 1441 exemplum
572 1375 854 1437 inpudenti,
878 1375 984 1422 date
1001 1379 1179 1438 pudori
1196 1395 1336 1439 prae-

311 1465 479 1494 mium.

60 1523 216 1569 Facite
242 1522 318 1567 hic
341 1522 446 1585 lege
470 1521 630 1582 potius
660 1522 820 1579 liceat,
849 1539 994 1583 quam
1008 1523 1083 1579 vi,
1110 1523 1239 1568 victo
1266 1525 1341 1570 vi-

314 1611 438 1641 vere.

63 1666 245 1714 Currite
276 1666 372 1712 huc
401 1666 451 1710 in
478 1665 673 1712 Veneris
706 1666 897 1713 fanum:
928 1678 1135 1714 vostram
1163 1667 1350 1726 iterum·

311 1738 500 1798 inploro
533 1737 707 1795 fidem,

62 1811 166 1881 Qui
181 1827 330 1872 prope
353 1811 429 1856 hic
453 1810 620 1856 adestis
636 1845 650 1868 ,
675 1812 857 1873 quique
882 1813 1053 1858 auditis
1081 1813 1337 1859 clamorem

316 1900 480 1929 meum
497 1917 512 1940 ,

67 1956 203 2002 Ferte
220 1955 469 2016 suppetias,
488 1956 572 2015 qui
585 1955 758 2002 Veneri
773 1955 1098 2017 Veneriaeque
1110 1957 1340 2003 antistitae

68 2028 205 2075 More
239 2027 437 2087 antiquo
468 2029 520 2073 in
553 2028 813 2075 custodiam
841 2046 982 2076 suum
1017 2030 1340 2076 conmiserunt

321 2111 477 2161 caput.

68 2174 404 2235 Praeterquete
428 2171 625 2234 injuriae
645 2172 772 2233 prius
793 2173 971 2219 collum
986 2209 1001 2232 ,
1021 2192 1166 2236 quam
1183 2175 1243 2220 ad
1261 2188 1343 2220 vos

320 2243 578 2306 perveniat.

458 2329 494 2361 D
528 2327 563 2360 A
596 2326 628 2359 E
665 2327 709 2360 M
744 2328 778 2363 Ο
814 2329 851 2363 N
885 2329 917 2362 E
952 2327 990 2362 S-

73 2389 212 2461 Quid
243 2390 360 2437 istuc
392 2399 459 2435 est
490 2387 686 2451 negoti?
1034 2454 1067 2507 'S

1100 2476 1129 2524 3
