1690 2872
349 176 438 236 468
646 174 1299 222 TRINUMMUS
1495 167 1624 238 992

349 286 439 331 Hic
461 299 655 362 quoque
677 283 787 328 hinc
806 283 932 329 abiit
953 283 1175 342 Stasime,
1183 295 1328 331 restas
1346 286 1484 331 solus,
1505 286 1627 346 quid

603 372 690 419 ego
713 372 843 402 nunc
863 373 1020 420 agam.
1011 356 1032 401 ?

352 432 451 478 Nisi
489 430 559 475 uti
594 431 815 476 sarcinam
849 431 1195 494 constriffngam
1233 439 1286 477 et
1310 432 1535 495 clypeum
1563 396 1626 478 ad

602 503 795 550 dorsum
822 503 1208 550 accommodem:

348 579 617 624 Fulmentas
625 576 821 640 jubeam
831 577 1051 640 suppingi
1064 577 1222 623 soccis:
1239 574 1339 623 non
1351 577 1444 622 sis'ti
1454 587 1623 639 potest.

340 653 497 700 Video
517 652 726 697 caculam
749 651 999 696 militarem
1020 668 1099 696 me
1121 650 1343 698 futurum
1364 652 1496 696 haud
1513 652 1622 698 lon·-

597 723 694 786 gius
714 741 723 766 :

345 796 444 843 Aut
469 795 678 856 aliquem
705 793 766 838 ad
790 809 950 857 regem
973 793 1024 839 in
1044 793 1248 858 saginam
1272 795 1413 842 herus
1438 811 1486 842 se
1508 809 1624 842 con-

591 869 707 932 jecit
737 883 880 913 meus.

350 942 507 990 Credo
546 942 606 987 ad
648 956 857 991 summos
897 939 1145 1004 bellatores
1178 956 1334 988 acrem
1370 940 1624 1005 fugitorem

593 1013 721 1059 fore:
1598 1074 1601 1078 v

340 1090 402 1135 Et
428 1098 679 1149 capturum
696 1086 843 1147 spolia
861 1084 927 1129 ibi
951 1084 1087 1128 illum
1103 1118 1119 1141 ,
1143 1086 1229 1146 qui
1253 1103 1364 1133 meo
1394 1087 1510 1133 hero
1537 1085 1621 1132 ad·-

591 1175 750 1205 vorsus
778 1167 974 1204 venent.

339 1234 541 1296 Egomet
572 1243 732 1277 autem
756 1246 910 1290 quom
933 1231 1179 1290 extemplo
1205 1246 1367 1276 arcum
1399 1230 1519 1277 mihi
1534 1265 1549 1290 ,
1571 1243 1618 1278 et

589 1304 854 1364 pharetram
867 1335 881 1358 ‚
914 1310 976 1352 etv
991 1301 1172 1364 sagittas
1200 1319 1407 1361 sumsero
1419 1337 1434 1360 ,

341 1376 576 1422 Cassidem
601 1376 651 1421 in
675 1385 842 1436 caput,
866 1372 1086 1420 dormibo
1112 1374 1297 1436 placide
1325 1375 1378 1420 in
1404 1375 1619 1422 taberna-

596 1448 736 1492 culo.·
770 1501 773 1503 .
1384 1484 1394 1489 „

339 1521 416 1566 Ad
438 1520 598 1566 forum
623 1519 725 1564 ibo:
751 1517 927 1563 nudius
944 1527 1099 1563 sextus
1119 1518 1237 1578 quoi
1252 1519 1488 1565 talentum
1508 1535 1617 1566 mu-

586 1602 727 1650 tuom

337 1665 492 1725 Dedi,
517 1680 787 1726 reposcam,
817 1675 874 1708 ut
898 1662 1128 1722 habeam,
1159 1678 1354 1712 mecum
1382 1663 1517 1725 quod
1543 1663 1614 1711 fe-

597 1754 723 1795 ram,
745 1746 982 1783 viaticum.

674 1927 710 1972 S
757 1925 796 1972 C
839 1925 884 1974 E
924 1926 977 1973 N
1012 1926 1054 1972 A
1135 1926 1290 1972 111.

390 2064 1027 2118 MEGARONIDES,
1086 2068 1556 2115 CALLICLEAE

626 2217 1350 2254 MEGARONIDES.

338 2274 474 2384 UT
497 2338 613 2383 mihi
641 2353 742 2382 rem
771 2352 948 2394 narras,
982 2336 1216 2390 Callides,
1249 2331 1386 2377 nullo
1418 2330 1570 2379 modo

335 2409 495 2455 Potest
521 2411 618 2455 fieri
644 2426 827 2469 prorsus
847 2443 862 2467 ,
896 2409 1015 2470 quin
1034 2407 1134 2452 dos
1152 2405 1299 2452 detur
1320 2403 1498 2468 virgini.
