1690 2872
97 151 244 222 .v‚89
397 144 688 193 ACTUS
738 146 815 190 11.
866 142 1127 191 SC.1V..
1301 159 1397 205 451

111 257 204 315 Dei
232 253 398 300 divites
427 262 537 297 sunt
555 285 569 309 ,
597 250 725 296 Deos
757 249 932 294 decent
957 250 1230 310 opulentiae

114 329 176 376 Et
205 325 440 373 factiones.
469 339 637 369 verum
663 338 749 368 nos
779 322 1067 369 homunculi

118 400 329 448 Salillum
348 399 553 443 animae:
574 394 661 456 qui
687 410 843 457 quom
864 394 1111 455 extemplo
1129 395 1365 448 amisimus
1380 429 1402 456 ,

114 472 286 536 Aequo
311 469 558 517 mendicus
585 478 730 527 atque
755 467 834 513 ille
860 467 1264 528 opulentissumus

116 546 344 593 Censetur
366 558 511 588 censu
537 539 599 587 ad
634 539 1215 586 Acherontem-mortuus.

508 633 532 666 s
570 633 602 666 Τ
641 633 676 666 A
712 633 735 666 s
771 631 793 664 1
830 631 873 664 M
909 630 945 664 U
981 632 1022 666 s.

121 703 328 758 Mirum,
366 700 418 746 ni
441 711 498 746 tu
520 699 634 746 illuc
666 710 828 745 tecum
856 699 1038 745 'divitias
1073 699 1188 746 feras
1205 736 1220 758 ,

120 773 215 819 Ubi
243 783 460 819 mortuus
483 772 539 818 sis
554 806 567 828 ‚
593 771 659 816 ita
689 771 775 829 sis,
808 780 864 816 ut
888 786 1069 818 nomen
1098 773 1239 818 cluet.

576 863 982 899 PHILTOQ

124 933 266 980 Nune
293 944 350 979 ut
371 933 480 979 scias
506 932 583 977 hic
614 931 837 977 factiones
865 944 1011 992 atque
1037 949 1151 994 opes

123 1007 238 1053 Non
265 1021 387 1063 esse,
416 1020 577 1064 neque
609 1021 695 1050 nos
716 1015 849 1049 tuam
877 1007 1121 1068 neglegere
1147 1007 1370 1070 gratiam,

125 1078 235 1125 Sine
268 1078 383 1123 dote
412 1091 557 1138 posco
586 1087 720 1122 tuam
746 1093 956 1123 sororem
989 1078 1101 1123 filio.

128 1151 270 1219 Quae
295 1164 367 1196 res
397 1149 522 1196 bene
555 1151 738 1199 vortat!
775 1151 976 1198 habeon’
1011 1153 1236 1213 pactam?
1280 1151 1403 1214 quid

376 1223 535 1271 taces?

514 1308 537 1343 S
570 1309 602 1342 Τ
638 1309 673 1342 A
709 1310 733 1344 S
769 1311 789 1345 1
826 1311 869 1344 M
904 1312 939 1347 U
977 1312 1014 1346 S.

124 1369 215 1414 Pro
241 1367 323 1413 Dii
349 1369 645 1425 inmortales,
679 1370 1009 1418 conditionem
1038 1373 1367 1436 quojusrnodi!

581 1470 610 1502 Ρ
646 1470 680 1503 Η
717 1472 737 1505 1
772 1471 803 1505 1.
840 1471 871 1504 Τ
907 1473 953 1506 o.

132 1536 272 1604 Quin
299 1535 520 1582 fabulase.
553 1535 638 1583 Dii
663 1537 787 1583 bene
814 1541 1030 1585 vortant!
1063 1539 1293 1600 spondeo.

520 1635 1018 1672 STASIMUS.

131 1703 292 1749 Eheu!
317 1703 401 1749 ubi
422 1719 530 1748 usus
551 1703 671 1748 nihil
698 1716 793 1749 erat
820 1705 949 1751 dicto
965 1741 979 1762 ‚
1007 1705 1239 1767 Spondeo

132 1775 357 1820 Dicebat:
392 1790 521 1820 nunc
553 1775 661 1835 hic,
694 1792 846 1836 quom
882 1794 1001 1839 opus
1034 1789 1128 1836 est,
1168 1794 1272 1824 non
1301 1778 1409 1838 quit

392 1847 556 1900 dicere.

454 1937 486 1970 1.
520 1938 551 1970 E
592 1938 615 1972 s
656 1938 684 1970 Β
723 1938 756 1971 o
794 1939 828 1971 N
862 1939 883 1971 1
920 1939 947 1971 c
984 1937 1021 1970 U
1056 1938 1095 1972 s.

139 2002 307 2072 Quom
333 2003 550 2049 affinitate
581 1997 735 2050 vostra
768 2022 847 2050 me
881 2005 1169 2050 arbitramini

135 2075 353 2140 Dignum
368 2110 381 2132 ,
400 2076 555 2122 habeo
574 2078 712 2122 vobis
728 2080 743 2134 ’,
764 2077 920 2122 Philto
935 2113 948 2135 ,
969 2094 1187 2140 magnam
1204 2076 1411 2141 gratiam.

66 2174 69 2176 ·
138 2148 232 2197 Sed
255 2149 338 2194 etsi
363 2148 519 2193 hercle
545 2149 741 2212 graviter
770 2149 939 2195 cecidit
970 2150 1167 2195 stultitia
1194 2166 1326 2204 mea,

130 2221 320 2270 Philto:
348 2231 417 2267 est
442 2237 551 2284 ager
577 2221 665 2267 sub
691 2222 811 2267 urbe
837 2222 913 2266 hic
942 2221 1080 2266 nobis
1096 2256 1110 2277 ‚
1142 2236 1256 2267 eum
1282 2220 1407 2268 dabo

141 2295 322 2341 Dotem
352 2295 522 2342 sorori:
560 2310 675 2341 nam
706 2295 742 2340 is
775 2295 836 2340 de
867 2295 1063 2340 stultitia
1087 2309 1193 2339 mea

141 2368 277 2415 Solus
302 2369 496 2431 superfit
523 2379 703 2430 praetet
731 2368 879 2415 vitam
909 2367 1151 2484 reliquifis.f

1178 2453 1203 2487 2
