1630 2866
64 197 110 232 v.
143 183 200 231 28
365 176 700 228 ACTUS
752 177 791 224 1.
838 175 940 225 SC.
985 177 1065 225 11.
1254 194 1345 241 135

63 293 182 341 Tibi
195 291 289 339 hoc
302 290 566 354 praecipio,
589 299 645 335 ut
665 289 847 334 niteant
862 287 1007 334 aedes.
1034 285 1179 335 habes
1196 286 1334 351 quod

317 365 475 412 facias:
502 379 729 426 propera,
759 362 839 408 abi
861 363 1003 412 intro.

67 437 149 486 Tu
164 449 269 485 esto
278 437 650 485 lectisterniator.
673 446 730 483 tu
750 447 998 500 argentum
1014 435 1163 484 eluito
1177 470 1192 494 ‚
1213 435 1345 485 idem

324 510 567 558 exstmitO.

63 584 194 633 Haec
211 618 228 643 ‚
255 602 408 646 quom
435 600 523 648 ego
547 601 574 629 a
595 583 701 630 foro
727 593 971 640 revertor,
1000 582 1164 641 facite,
1194 594 1250 629 ut
1271 581 1348 639 off

319 658 516 705 fendam
548 670 735 725 perata,
758 698 775 708 ,

65 730 214 781 vorsa
227 763 244 789 ‚
267 742 473 793 pertersa
490 766 505 789 ,
532 743 668 778 strata
682 766 696 789 ,
718 732 847 777 lauta
860 763 876 788 ‚
900 740 1174 793 structaque
1189 731 1347 778 omnia

318 807 393 852 uti
419 807 522 852 sint.

68 876 193 924 Nam
213 877 333 924 mihi
352 878 496 925 hodie
513 879 675 926 natalis
690 878 787 926 dies
805 887 885 926 est.
905 878 1044 925 decet
1060 893 1175 924 eum
1193 877 1347 924 omni&

316 969 402 999 vos
425 951 765 998 concelebrare.

66 1023 298 1082 Pernam,
331 1024 505 1070 callum
522 1059 536 1081 ‚
570 1022 818 1087 glandium
835 1057 852 1081 ‚
880 1037 1082 1079 sumen,
1121 1019 1262 1067 facito
1291 1021 1344 1067 in

314 1113 438 1158 aqua
457 1098 657 1161 jaceant.
691 1096 821 1142 satin’
857 1095 990 1141 audis
1005 1094 1029 1140 ?

66 1167 311 1233 Magnifice
336 1172 451 1217 volo
485 1170 618 1218 enim'
642 1186 853 1217 summos
879 1170 1003 1216 viros
1030 1167 1266 1229 accipere,
1286 1173 1345 1212 ut

315 1243 436 1290 mihi
465 1260 568 1290 rem
598 1260 694 1290 esse
725 1254 927 1290 reantur.

65 1312 201 1361 Intro
229 1314 383 1374 abite,
414 1327 561 1377 atque
585 1317 700 1363 haec
717 1317 815 1363 cito
834 1316 1069 1364 celebrate
1083 1349 1098 1372 ,
1125 1330 1191 1360 ne
1212 1327 1343 1360 mora

318 1405 441 1450 quae
468 1391 526 1436 sit
543 1407 763 1452 ‚coquus
786 1408 940 1452 quom
963 1390 1125 1437 veniat
1142 1423 1158 1446 ,

23 1504 30 1508 .
69 1457 203 1512 Mihi.
240 1475 329 1523 ego
361 1477 420 1506 eo
454 1462 504 1507 in
537 1465 825 1520 macellum,
871 1474 928 1509 ut
962 1462 1166 1523 piscium
1198 1459 1346 1521 quid-

327 1532 446 1592 quid
469 1545 568 1590 est,
591 1535 747 1596 pretio
775 1536 1074 1596 praestinem.

70 1601 121 1658 1,
145 1618 323 1663 puere,
350 1620 489 1665 prae:
522 1621 585 1651 ne
610 1607 867 1667 quisquam
886 1604 1146 1668 pertundat
1170 1603 1348 1649 crumi-

320 1693 457 1735 nam,
492 1679 648 1725 cautio
674 1680 742 1725 ’st

71 1743 165 1793 Vel
193 1750 433 1810 opperire:
471 1763 539 1797 est
569 1752 708 1813 quod
738 1751 874 1798 domi
906 1751 1060 1797 dicere
1090 1764 1243 1811 paene
1275 1748 1348 1795 fui

319 1824 517 1870 oblitus.

72 1890 315 1941 Auditin’.
302 1895 326 1928 3²
357 1897 518 1955 vobis,
551 1898 768 1945 mulieres
781 1932 796 1955 ,
829 1897 952 1943 hanc
968 1896 1123 1942 habeo
1147 1893 1350 1947 edictio-j

331 1981 472 2012 nem:

79 2034 175 2082 Vos
188 2069 206 2097 ‚
243 2051 366 2098 quae
393 2038 445 2082 in
480 2041 733 2087 mundiciis
749 2073 765 2097 ‚
795 2040 1010 2086 molliciis
1027 2072 1045 2098 ,
1075 2038 1350 2099 deliciisque

328 2113 577 2158 aetatulam
603 2114 758 2176 agitis,

77 2183 200 2231 Viris
243 2201 356 2232 cum
398 2187 592 2233 summis
628 2187 817 2233 inclitae
851 2189 1055 2233 amicae.
1092 2203 1225 2233 nunc
1259 2201 1352 2248 ego

329 2258 487 2314 scibo,
522 2268 666 2319 atque
692 2259 836 2304 hodie
864 2261 1074 2320 experiar
1090 2293 1107 2316 ,

81 2329 218 2399 Quae
244 2329 414 2392 capiti,
448 2347 570 2391 quae
592 2331 747 2377 ventri
774 2347 966 2393 operam
995 2331 1103 2388 det,
1130 2315 1356 2393 quaeque

329 2420 437 2451 suae
464 2405 563 2466 rei,
593 2421 716 2466 quae
745 2422 913 2454 somno
941 2406 1157 2453 studeat.

1036 2489 1122 2549 14
