1630 2866
236 192 335 240 '150
554 184 1196 233 PSEUDOLUS.
1389 203 1523 235 ww

235 295 287 345 Si
316 306 468 352 amat,
496 295 532 339 si
551 294 751 340 amicam
771 292 972 340 liberat?

596 383 625 416 Ρ
661 381 685 416 s
723 382 754 415 Ε
790 381 826 415 U
861 382 898 414 D
935 381 968 414 o
1003 381 1037 415 L
1071 382 1107 414 U
1143 382 1181 416 s.

997 440 1246 504 Lepidum
1273 442 1456 488 senem!

751 519 775 554 s
810 520 831 552 1
869 519 911 552 M
946 520 995 553 o.

230 574 278 623 ·V
283 584 386 621 etus
415 573 533 618 nolo
557 571 705 618 faciat.

626 658 654 691 C
691 657 726 691 A
761 657 792 690 L
829 657 860 690 L
897 657 917 690 1
953 655 981 690 P
1019 656 1054 690 Η
1091 657 1170 691 Ο.’

756 720 821 766 At
850 719 979 765 enirn
1012 719 1354 781 nequidquam
1380 720 1523 769 nevis.

232 797 327 843 Vel
358 807 415 842 tu
445 811 508 841 ne
536 794 705 840 faceres
736 794 829 839 tale
856 793 907 838 in
935 791 1262 839 adulescentia

232 870 449 917 Probum
466 880 651 930 patrem
671 884 763 913 esse
795 877 988 928 oportet
1004 901 1017 924 ,
1052 867 1137 928 qui
1163 878 1365 931 gnatum
1385 884 1527 915 suum

233 943 341 988 Esse
371 940 678 1003 probiorem,
710 956 856 1000 quam
881 939 1005 1000 ipsus
1033 938 1178 986 fuerit
1195 974 1209 997 ,
1237 941 1460 1001 postulet.

231 1015 358 1060 Nam
390 1025 445 1059 tu
476 1013 614 1075 quod
647 1013 836 1068 damni,
872 1024 919 1057 et
948 1013 1087 1071 quod
1118 1012 1268 1059 fecisti
1299 1012 1478 1078 flagiti,

233 1086 423 1147 Populo
453 1084 629 1130 viritim
659 1084 820 1145 potuit
847 1083 1144 1144 dispertirier.

234 1160 359 1205 Idne
392 1169 448 1204 tu
472 1157 679 1215 rnirariS,
713 1158 748 1203 si
774 1157 984 1219 patrissat
1011 1158 1168 1204 filius?

594 1251 623 1284 P
661 1250 683 1283 S
721 1250 751 1282 E
790 1250 825 1282 U
862 1252 898 1283 D
936 1251 968 1284 Ο
1006 1251 1038 1284 L
1074 1251 1109 1283 U
1147 1251 1187 1285 S.

221 1301 308 1361 ‘³ss
333 1306 426 1373 ζεῧ,
468 1333 615 1377 quam
641 1316 780 1378 pauci
809 1316 912 1362 estis
942 1317 1159 1367 homines
1193 1315 1468 1378 commodi!

208 1415 210 1417 v
230 1389 406 1446 Ehem,
430 1389 542 1435 illuc
564 1400 631 1435 est
647 1401 836 1451 patrem
855 1406 948 1435 esse
961 1425 975 1447 ,
1001 1402 1057 1436 ut
1074 1406 1282 1452 aequom
1297 1391 1352 1436 ’st
1365 1424 1379 1447 ‚
1396 1388 1519 1435 filio!

763 1484 786 1517 S
826 1485 847 1517 1
885 1485 927 1517 M
967 1484 1017 1517 O.

233 1546 356 1615 Quis
385 1545 460 1590 hic
488 1543 742 1606 loquitur?
778 1561 912 1590 meus
935 1543 1012 1590 hic
1044 1554 1112 1590 est
1140 1542 1344 1606 quidem
1370 1558 1524 1590 servos

494 1619 771 1665 Pseudolus.

232 1692 327 1738 Hic
350 1693 469 1738 mihi
498 1692 773 1753 conrumpit
804 1692 990 1749 filium,
1022 1692 1251 1736 scelerum
1283 1702 1436 1752 caput.

232 1765 328 1811 Hic
357 1766 487 1823 dux,
515 1766 592 1812 hic
618 1767 696 1811 ille
726 1776 793 1811 est
823 1765 1152 1828 paedagogus:
1189 1763 1318 1811 hunc
1350 1781 1440 1828 ego

233 1839 392 1901 Cupio
423 1839 688 1886 excruciari.

318 1912 325 1917 ’
390 1912 394 1915 ’
625 1926 652 1957 c
689 1924 723 1957 A
760 1924 791 1956 L
826 1925 857 1957 L
893 1924 914 1956 1
950 1925 978 1957 P
1016 1924 1051 1957 H
1088 1924 1136 1958 o.

711 1984 819 2042 Jam
850 1984 987 2029 istaec
1021 1984 1285 2045 insipientia
1313 1995 1409 2043 est,

237 2057 314 2106 Sic
340 2058 459 2104 iram
488 2057 540 2102 in
565 2068 765 2118 promtu
794 2074 963 2122 gerere.
993 2069 1176 2119 quanto
1211 2060 1348 2105 satius
1378 2068 1473 2116 estu,

236 2131 385 2178 Adire
420 2130 606 2176 blandis
634 2131 788 2177 verbis
805 2165 818 2188 ‚
847 2143 992 2192 atque
1024 2131 1271 2193 exquirere
1290 2166 1305 2189 ‚

235 2204 343 2250 Sint
371 2204 476 2261 illa,
505 2221 655 2251 necne
680 2206 772 2250 sint
789 2240 802 2263 ‚
841 2222 963 2266 quae
993 2206 1079 2252 tibi
1113 2202 1425 2251 renuntiant?

238 2280 402 2327 Bonus
430 2280 612 2327 animus
641 2281 692 2327 in
718 2282 839 2327 mala
866 2282 918 2326 re
953 2279 1215 2338 dimidium
1233 2278 1285 2324 ’st
1314 2276 1436 2326 mali.

775 2374 798 2408 S
834 2376 856 2408 1
890 2375 933 2408 M
972 2374 1020 2408 Ο.

237 2424 361 2470 Tibi
380 2426 668 2474 auscultabo.
