1598 2814
225 141 318 201 560
448 118 1264 185 TRUCULENTus.
1377 153 1510 188 mo

222 247 325 318 Qui
349 263 447 292 non
475 246 720 306 extemplo
748 243 929 290 intres?
957 260 1081 292 anne
1107 245 1323 308 oportuit

216 321 316 378 Ita,
345 331 391 365 te
425 318 627 380 quidem
656 317 741 378 qui
768 333 814 363 es
848 315 1113 363 familiaris?

643 410 666 445 S
703 412 734 444 T
770 413 804 446 R
839 411 875 444 A
910 411 939 443 B
977 410 1014 444 A
1049 410 1101 445 X·

1136 462 1320 513 Ibitu1;

221 530 297 578 Ne
330 548 409 578 me
439 530 611 578 morari
635 545 830 576 censeas.

578 616 614 650 A
653 616 676 650 S
715 616 746 648 Τ
782 615 818 649 A
854 615 883 649 P
920 614 954 647 H
990 614 1011 647 I
1048 612 1084 647 U
1119 615 1179 648 M.

752 664 755 669 ¹
869 674 1053 738 Lepide
1085 673 1206 721 facis.

584 850 621 896 S
673 849 971 897 CENA
1029 849 1135 896 -1·Ι.

253 991 842 1031 STRATILAX.
897 955 1499 1027 ASTAPHIUMss

582 1125 1162 1162 STRATILAX.

226 1193 366 1304 M
378 1269 398 1301 Ι
411 1270 441 1301 R
456 1267 542 1300 ΠΜ
570 1253 788 1309 videtur,
818 1251 913 1298 ruri
941 1251 1139 1297 herilem
1161 1251 1318 1298 filium

231 1329 501 1375 Srrabacem
526 1343 627 1373 non
654 1327 839 1372 rediisse
856 1360 869 1382 ,
900 1325 986 1370 nisi
1013 1324 1049 1370 si
1075 1325 1349 1370 clanculum

229 1404 488 1450 Conlabsus
522 1414 589 1448 est
623 1402 700 1447 hic
724 1402 774 1446 in
795 1400 1128 1461 conruptelam
1153 1415 1304 1449 suam.

582 1495 616 1528 A
653 1495 675 1528 s
713 1495 744 1528 T
782 1494 815 1527 A
852 1495 879 1527 P
917 1494 951 1527 H
986 1494 1007 1527 1
1043 1492 1078 1526 U
1115 1493 1171 1526 M.

217 1564 323 1623 Jarn
342 1564 427 1626 pol
448 1564 541 1609 illic
564 1580 643 1610 me
668 1563 942 1610 inclamabit
953 1530 1031 1621 ‚.si
1050 1562 1328 1624 adspexerit.

582 1657 604 1691 S
642 1659 673 1691 T
708 1661 742 1692 R
778 1658 812 1692 A
849 1658 880 1690 Τ
919 1657 940 1689 1
974 1657 1004 1689 L
1039 1658 1075 1689 A
1111 1657 1159 1690 x.

223 1719 387 1765 Nimio
406 1718 563 1764 minus
580 1735 739 1765 saevus
750 1718 852 1782 jam
870 1733 977 1763 sum
989 1749 1005 1776 ,
1028 1715 1336 1778 Astaphium,
1359 1731 1507 1779 quam

485 1791 582 1836 fui:
617 1838 623 1842 ,

219 1865 325 1924 Jam
356 1882 459 1912 non
487 1882 593 1911 sum
632 1865 676 1911 T
671 1866 951 1911 ruculentus:
979 1863 1081 1910 noli
1111 1873 1341 1910 metuere.

225 1938 363 2006 Quid
391 1938 494 1984 vis?

580 2016 614 2048 A
651 2016 673 2049 S
712 2015 743 2048 T
778 2015 813 2049 A
849 2015 877 2049 P
917 2014 952 2048 H
987 2014 1008 2047 1
1043 2014 1080 2048 U
1114 2016 1171 2049 Μ.

512 2075 680 2146 Quid?
710 2086 842 2122 tuam
872 2086 1093 2137 exspecto
1130 2075 1465 2125 Truculentiam.

579 2170 602 2203 S
640 2169 672 2202 T
708 2169 739 2202 R
775 2168 811 2202 A
846 2169 877 2207 Τ
914 2170 934 2202 Ι
968 2169 999 2202 L
1035 2169 1072 2203 A
1105 2167 1159 2203 X·

223 2231 314 2277 Dic
329 2251 340 2281 ;
369 2232 550 2293 impera
572 2230 718 2287 mihi,
749 2230 871 2291 quid
887 2230 983 2288 vis,
1014 2240 1062 2276 et
1090 2246 1190 2290 quo
1213 2229 1279 2275 vis
1305 2227 1468 2274 modo.

223 2304 386 2350 Novos
418 2322 582 2351 omnes
606 2322 760 2351 mores
790 2305 968 2362 habeo,
997 2315 1178 2351 veteres
1199 2301 1400 2364 perdidi.

222 2376 315 2423 Vel
345 2395 497 2426 amare
523 2396 717 2442 possum
735 2414 750 2439 ,
774 2381 851 2427 vel
871 2380 972 2444 jam
994 2390 1201 2426 scortum
1230 2375 1416 2421 ducere.
