1630 2866
263 128 354 191 3fi
682 128 1115 180 RUDENs
1414 148 1544 193 ψη

525 253 1282 294 PLEUSIDIPPUS.

266 312 431 382 Quid,
461 313 695 360 matrem?

621 405 652 438 T
688 407 722 440 R
759 405 796 438 A
835 407 861 439 C
900 406 936 440 H
971 406 1005 440 A
1041 406 1071 440 L
1107 407 1130 441 Ι
1165 408 1214 443 Ο.

556 465 671 511 Non
700 482 884 512 censeo.

521 539 1288 597 PLEUSIDIPP'US.

822 621 961 691 Quid
993 639 1178 685 eampse
1205 622 1370 670 illam?

618 706 652 740 T
687 708 720 742 R
755 707 791 743 A
826 708 853 741 c
889 709 924 742 Η
961 709 997 742 A
1032 710 1063 743 1.
1099 710 1122 743 1
1159 710 1207 743 ο.

1221 762 1542 810 Noncenseo.

530 846 1294 883 PLEUSIDIPPUS.

268 906 410 954 Perii!
447 905 687 953 delectum
709 907 896 956 dimisit.
922 924 1052 955 nunc
1071 925 1173 954 non
1192 919 1375 967 censet,
1395 925 1546 971 quom

518 982 646 1027 volo.

620 1066 653 1100 Τ
689 1068 722 1100 R
758 1066 793 1099 A
828 1067 856 1099 c
893 1068 927 1100 H
963 1067 998 1100 A
1033 1068 1064 1100 L
1099 1068 1123 1101 1
1158 1068 1208 1102 o.

268 1124 414 1174 Sanus
444 1140 547 1172 non
578 1142 647 1172 es:
685 1143 894 1187 sequere.

523 1223 1286 1259 PLEUSIDIPPUS.

686 1284 796 1332 Duc
816 1301 923 1343 me,
951 1286 1019 1331 mi
1036 1297 1238 1348 parrone
1254 1320 1268 1344 ,
1293 1301 1393 1347 quo
1417 1285 1548 1333 libet.

595 1458 1069 1516 ACTUS
1148 1460 1222 1520 V.

615 1586 1123 1661 μεσΕΝΑι.

713 1740 1106 1778 LABRAX.

273 1793 491 1959 QUIS
521 1871 600 1901 me
629 1867 695 1902 est
730 1858 1003 1906 mortalium
1036 1861 1273 1920 miserior,
1311 1863 1395 1924 qui
1421 1863 1548 1910 vivat

517 1930 632 1974 alter
663 1928 835 1986 hodie,

268 2003 435 2072 Quem
471 2002 531 2047 ad
564 2013 908 2063 recuperatores
939 2002 1090 2049 modo
1125 2003 1368 2053 damnavit
1404 2007 1562 2052 Pleu--

517 2076 739 2137 sidippuS.

266 2148 548 2213 Abjudicata
561 2165 586 2194 a
600 2165 679 2194 me
697 2148 843 2194 modo
862 2160 928 2194 est
938 2149 1171 2195 Palaestra.
1188 2149 1406 2210 perditus·
1416 2150 1542 2194 sum!

267 2223 391 2268 Nam
417 2225 609 2269 lenones
644 2239 704 2269 ex
734 2223 903 2286 gaudio
928 2223 1069 2269 credo
1095 2233 1510 2284 esse-procreatos,

268 2297 339 2343 Ita
381 2313 545 2344 omnes
581 2290 799 2354 mcirtales
821 2333 835 2358 ‚
875 2298 912 2344 si
942 2298 1063 2361 quid
1099 2308 1165 2343 est
1203 2296 1314 2342 mali
1349 2297 1543 2356 lenoni,

519 2371 740 2434 gaudent.
