1690 2872
294 145 394 205 ‘460
595 144 1255 193 TRINUMMUS.
1453 161 1632 206 v.13-

296 257 386 303 Ibo
405 256 465 301 ad
482 272 647 301 meum
668 255 1011 318 castigatorem,
1026 265 1169 315 atque
1183 254 1243 300 ab
1258 271 1315 300 eo
1332 255 1585 301 consilium

526 365 529 367 .
557 338 732 389 petam.

691 420 1200 456 STASIMUS.

293 490 654 553 Propemodum
675 492 798 552 quid
815 492 911 538 illic
933 491 1146 549 festinet,
1168 490 1318 540 senti0
1332 526 1346 548 ,
1366 500 1414 536 et
1432 490 1583 537 subo-

557 565 624 609 let
658 565 804 622 mihi,

295 637 361 684 Ut
383 655 493 701 agro
524 649 708 684 evortat
726 639 1048 688 Lesbonicum
1064 678 1076 699 ‚
1097 641 1296 703 quando
1317 631 1491 687 evortit
1512 654 1588 684 ae-

560 713 718 759 dibus.

296 785 344 831 O
375 784 486 830 here
506 785 790 842 Charmide,
826 801 973 845 quam
1004 784 1196 831 absente
1221 796 1270 831 te
1303 785 1380 831 hic
1409 800 1493 832 tua
1518 802 1591 833 res

558 859 828 904 distrahitur
861 858 973 903 tibi!

296 929 492 975 Utinam
528 940 576 974 te
608 930 779 975 redisse
811 930 992 975 salvom
1024 928 1213 975 videam
1232 962 1248 986 ,
1280 938 1342 975 'ut
1370 930 1589 977 inimicos

559 1014 666 1047 tuos

294 1076 550 1127 Ulciscare
573 1086 628 1119 ut
652 1075 794 1131 mihi,
816 1086 872 1120 ut
889 1092 993 1139 erga
1012 1085 1060 1120 te
1081 1074 1150 1120 fui
1176 1087 1223 1120 et
1253 1092 1386 1134 sum,
1412 1073 1585 1121 referas

550 1159 648 1210 grat
652 1147 774 1193 iam.
765 1149 774 1178 '

295 1221 513 1268 Nimium
543 1222 756 1267 difficile'
761 1232 802 1266 st
829 1220 1019 1281 reperiri
1049 1220 1256 1266 amicum
1274 1253 1290 1278 ‚
1322 1219 1386 1265 ita
1414 1230 1469 1265 ut
1494 1235 1588 1266 no·-

550 1311 666 1340 men
699 1296 831 1340 cluet
851 1329 866 1351 ‚

297 1367 433 1436 Quoi
458 1378 593 1413 tuam
623 1385 774 1428 quom
799 1384 901 1413 rem
927 1365 1205 1423 credideris,
1230 1365 1330 1411 sine
1348 1364 1485 1411 omni
1504 1381 1591 1412 cu-

551 1459 599 1487 ra
638 1442 857 1487 dormias.

296 1511 393 1559 Sed
427 1530 655 1577 generum
691 1525 911 1560 nostrum
942 1514 1008 1559 ire
1043 1512 1263 1559 eccillum
1291 1510 1435 1557 video
1471 1526 1595 1595 cunr.

553 1590 677 1635 affini
711 1605 810 1635 suo.

297 1658 466 1704 Nescio
506 1659 626 1719 quid
659 1676 762 1705 non
791 1660 894 1704 satis
921 1659 1044 1704 inter
1075 1674 1153 1704 eos
1179 1656 1416 1703 convenit.
1450 1656 1592 1702 celeri

588 1732 705 1778 radu

298 1805 431 1853 Eunt
472 1750 686 1867 υῐεὲςιιε.
732 1805 810 1850 ille
856 1802 1159 1866 reprehendit
1199 1802 1331 1846 hunc
1374 1795 1588 1861 priorem

554 1880 714 1942 pallio.

302 1951 448 1998 Haud
484 1953 547 1997 illi
587 1952 834 1998 euscheme
867 1950 1126 1996 astiterunt.
1162 1949 1258 1994 huc
1290 1946 1587 2008 aliquantum

561 2027 830 2072 abscessero.

301 2097 385 2146 Est
403 2099 579 2146 lubido
605 2099 870 2148 orationem
898 2096 1063 2143 audire
1086 2094 1297 2142 duorum
1321 2092 1543 2141 affinium.
