1630 2866
251 162 346 207 300
674 145 1098 195 RUDENS.
1397 160 1530 212 ιμ’

697 264 727 296 L
764 264 799 297 A
838 265 865 297 B
904 267 937 299 R
972 266 1007 298 A
1041 256 1091 298 κ’.

251 318 331 364 Dii
360 327 406 364 te
439 316 692 362 infelicent.

601 410 627 442 C
664 410 699 443 H
739 408 772 442 A
809 410 842 442 R
879 410 921 442 M
958 410 978 442 1
1014 410 1050 442 1)
1086 409 1115 441 Ε
1153 409 1187 443 s.

722 473 803 519 Isti
837 473 978 534 capiti
1013 473 1170 517 dicito.

251 547 407 593 Credo
435 548 581 593 alium
605 547 654 592 in
678 547 815 593 aliam
842 548 1035 593 beluam
1061 545 1311 592 hominem
1334 547 1525 593 vortier.

249 621 351 666 Illic
383 622 434 666 in
463 620 747 666 columbum
765 656 778 678 ‚
805 621 949 666 credo
967 656 980 677 ,
1011 622 1120 666 leno
1148 620 1377 666 vortitur:

249 694 372 739 Nam
403 695 454 739 in
482 694 743 739 columbari
767 694 947 739 collum
963 694 1093 738 haud
1113 694 1269 738 multo
1290 702 1398 753 post
1418 692 1529 739 erit:

249 768 307 813 In
338 775 537 814 nervom
570 769 648 813 ille
679 768 825 813 hodie
855 768 1127 813 nidamenta
1162 778 1399 831 congeret.

247 838 591 886 Verumtamen
619 840 729 897 ibo,
765 840 808 884 ei
841 839 1098 885 advocatus
1131 849 1187 884 ut
1217 839 1363 897 siem,

248 914 297 961 Si
333 914 418 975 qui
451 928 557 960 mea
585 931 727 977 opera
753 914 887 959 citius
915 913 1070 960 addici
1099 923 1268 974 potest.

551 1100 1002 1156 ACTUS
1081 1101 1223 1157 IV.

651 1226 1017 1273 SCENA
1101 1227 1142 1286 ι,

635 1384 1170 1420 DAEMONES.

249 1439 464 1551 BENE
501 1503 676 1550 factum
697 1538 711 1562 ‚
746 1516 794 1550 et
825 1501 1005 1566 volupe
1039 1514 1135 1559 est,
1170 1501 1315 1548 hodie
1344 1517 1422 1547 me
1458 1501 1529 1546 his

506 1579 795 1624 mulierculis

250 1649 480 1696 Tetulisse
507 1651 751 1696 auxilium.
787 1651 887 1713 jam
918 1647 1104 1693 clientas
1132 1645 1312 1708 reperi;

249 1720 413 1782 Atque
437 1723 593 1769 ambas
626 1723 777 1770 forma
807 1722 969 1767 scitula
997 1731 1139 1780 atque
1165 1720 1377 1764 aetatula.

250 1796 346 1858 Sed·
372 1813 494 1843 uxor
517 1797 703 1842 scelesta
728 1811 806 1840 me
834 1793 1057 1839 omnibus
1086 1802 1233 1838 servat
1253 1791 1435 1849 modis,

249 1870 324 1916 Ne
354 1871 440 1932 qui
474 1870 730 1934 significem
759 1866 1008 1928 quidpiam
1032 1863 1329 1910 mulierculis.

251 1942 347 1989 Sed
385 1943 555 2003 Gripus
585 1957 736 1987 servos
759 1950 914 1984 noster
931 1972 945 1995 ,
977 1937 1275 1998 quidrerum
1301 1945 1428 1998 gerat

250 2014 398 2060 Miror
414 2049 427 2071 ‚
463 2015 523 2059 de
550 2023 691 2058 nocte
719 2011 804 2071 qui
836 2010 950 2055 abiit
974 2009 1204 2070 piscatum
1226 2008 1286 2053 ad
1317 2021 1455 2052 mare.

250 2086 339 2132 Pol
360 2086 503 2149 magis
524 2085 732 2146 sapisset,
759 2084 794 2129 si
819 2083 1111 2129 dormivisset
1137 2080 1282 2126 domi.

250 2161 373 2206 Nam
398 2176 526 2206 nunc
557 2169 604 2205 et
638 2175 829 2220 operam
858 2156 996 2203 ludos
1023 2155 1129 2201 facit
1146 2190 1159 2212 ,
1190 2164 1236 2199 et
1261 2151 1389 2197 retia:

252 2233 317 2279 Ut
350 2244 598 2294 tempestas
622 2244 688 2279 est
715 2248 843 2278 nunc
862 2266 876 2289 ,
902 2242 1047 2291 atque
1078 2238 1132 2273 ut
1164 2235 1309 2271 noctu
1337 2220 1440 2266 fuit.

253 2307 312 2351 In
344 2307 496 2370 digitis
530 2306 675 2359 hodie
704 2320 1000 2367 percoquam
1019 2336 1033 2359 ,
1061 2298 1196 2360 quod
1224 2292 1421 2355 ceperit3

251 2380 327 2425 Ita>
350 2379 581 2427 fluctuare
608 2380 751 2426 video
779 2378 1083 2426 vehementer
1112 2385 1249 2416 mare.
