<?xml version="1.0" encoding="UTF-8"?>
<!DOCTYPE html PUBLIC "-//W3C//DTD XHTML 1.0 Transitional//EN"
    "http://www.w3.org/TR/xhtml1/DTD/xhtml1-transitional.dtd">
<html xmlns="http://www.w3.org/1999/xhtml" xml:lang="en" lang="en">
 <head>
  <title>
</title>
<meta http-equiv="Content-Type" content="text/html;charset=utf-8" />
  <meta name='ocr-system' content='tesseract 3.04.00' />
  <meta name='ocr-capabilities' content='ocr_page ocr_carea ocr_par ocr_line ocrx_word'/>
</head>
<body>
  <div class='ocr_page' id='page_1' title='image "./comoediaesuperst03plauuoft_0070.png"; bbox 0 0 1630 2866; ppageno 0'>
   <div class='ocr_carea' id='block_1_1' title="bbox 252 161 1529 228">
    <p class='ocr_par' dir='ltr' id='par_1_1' title="bbox 252 161 1529 228">
     <span class='ocr_line' id='line_1_1' title="bbox 252 161 1529 228; baseline -0.005 -13"><span class='ocrx_word' id='word_1_1' title='bbox 252 168 312 228; x_wconf 81' lang='lat'>64</span> <span class='ocrx_word' id='word_1_2' title='bbox 590 161 1163 216; x_wconf 84' lang='lat' dir='ltr'><strong>POENULUS.</strong></span> <span class='ocrx_word' id='word_1_3' title='bbox 1438 179 1529 222; x_wconf 55' lang='grc' dir='ltr'><em>Μ</em></span> 
     </span>
    </p>
   </div>
   <div class='ocr_carea' id='block_1_2' title="bbox 242 283 1205 410">
    <p class='ocr_par' dir='ltr' id='par_1_2' title="bbox 242 283 1205 410">
     <span class='ocr_line' id='line_1_2' title="bbox 603 283 1205 327; baseline 0 -8"><span class='ocrx_word' id='word_1_4' title='bbox 603 286 638 319; x_wconf 88' lang='lat' dir='ltr'>A</span> <span class='ocrx_word' id='word_1_5' title='bbox 674 287 710 319; x_wconf 93' lang='lat' dir='ltr'>D</span> <span class='ocrx_word' id='word_1_6' title='bbox 746 286 782 320; x_wconf 90' lang='lat' dir='ltr'>V</span> <span class='ocrx_word' id='word_1_7' title='bbox 821 286 853 319; x_wconf 94' lang='grc' dir='ltr'><strong>Ο</strong></span> <span class='ocrx_word' id='word_1_8' title='bbox 893 287 920 319; x_wconf 91' lang='lat' dir='ltr'>C</span> <span class='ocrx_word' id='word_1_9' title='bbox 957 285 1059 327; x_wconf 48' lang='lat' dir='ltr'>AJT</span> <span class='ocrx_word' id='word_1_10' title='bbox 1094 285 1130 319; x_wconf 88' lang='lat' dir='ltr'>U</span> <span class='ocrx_word' id='word_1_11' title='bbox 1167 283 1205 320; x_wconf 84' lang='lat' dir='ltr'>S-</span> 
     </span>
     <span class='ocr_line' id='line_1_3' title="bbox 242 348 904 410; baseline -0.005 -15"><span class='ocrx_word' id='word_1_12' title='bbox 242 348 320 410; x_wconf 51' lang='lat' dir='ltr'>¹Ita</span> <span class='ocrx_word' id='word_1_13' title='bbox 346 363 434 394; x_wconf 91' lang='lat' dir='ltr'>nos</span> <span class='ocrx_word' id='word_1_14' title='bbox 463 348 587 393; x_wconf 89' lang='lat' dir='ltr'>velle</span> <span class='ocrx_word' id='word_1_15' title='bbox 613 363 819 408; x_wconf 89' lang='lat' dir='ltr'>aequom</span> <span class='ocrx_word' id='word_1_16' title='bbox 837 348 904 393; x_wconf 87' lang='lat' dir='ltr'>&#39;st.</span> 
     </span>
    </p>
   </div>
   <div class='ocr_carea' id='block_1_3' title="bbox 503 438 1526 550">
    <p class='ocr_par' dir='ltr' id='par_1_3' title="bbox 503 438 1526 550">
     <span class='ocr_line' id='line_1_4' title="bbox 503 438 1298 475; baseline 0.001 -3"><span class='ocrx_word' id='word_1_17' title='bbox 503 438 1298 475; x_wconf 74' lang='lat' dir='ltr'>AGORASTOCLES.</span> 
     </span>
     <span class='ocr_line' id='line_1_5' title="bbox 671 501 1526 550; baseline 0.001 -2"><span class='ocrx_word' id='word_1_18' title='bbox 671 501 779 548; x_wconf 84' lang='lat' dir='ltr'>Cras</span> <span class='ocrx_word' id='word_1_19' title='bbox 817 502 1105 548; x_wconf 82' lang='lat' dir='ltr'>subscribam</span> <span class='ocrx_word' id='word_1_20' title='bbox 1141 501 1326 550; x_wconf 85' lang='lat' dir='ltr'>homini</span> <span class='ocrx_word' id='word_1_21' title='bbox 1359 501 1526 549; x_wconf 86' lang='lat' dir='ltr'>dicam.</span> 
     </span>
    </p>
   </div>
   <div class='ocr_carea' id='block_1_4' title="bbox 239 603 1526 881">
    <p class='ocr_par' dir='ltr' id='par_1_4' title="bbox 239 603 1526 881">
     <span class='ocr_line' id='line_1_6' title="bbox 537 603 1241 652; baseline 0.003 -15"><span class='ocrx_word' id='word_1_22' title='bbox 537 603 1241 652; x_wconf 62' lang='lat' dir='ltr'>COLLYBISCUS.</span> 
     </span>
     <span class='ocr_line' id='line_1_7' title="bbox 239 665 639 727; baseline 0 -15"><span class='ocrx_word' id='word_1_23' title='bbox 239 665 495 727; x_wconf 87' lang='lat' dir='ltr'>Numquid</span> <span class='ocrx_word' id='word_1_24' title='bbox 524 667 639 712; x_wconf 83' lang='lat' dir='ltr'>me?</span> 
     </span>
     <span class='ocr_line' id='line_1_8' title="bbox 503 761 1300 796; baseline -0.001 0"><span class='ocrx_word' id='word_1_25' title='bbox 503 761 1300 796; x_wconf 74' lang='lat' dir='ltr'>AGORASTOCLES.</span> 
     </span>
     <span class='ocr_line' id='line_1_9' title="bbox 663 821 1526 881; baseline -0.002 -13"><span class='ocrx_word' id='word_1_26' title='bbox 663 821 900 869; x_wconf 85' lang='lat' dir='ltr'>Abscedas</span> <span class='ocrx_word' id='word_1_27' title='bbox 915 858 928 881; x_wconf 85' lang='lat'>‚</span> <span class='ocrx_word' id='word_1_28' title='bbox 953 840 1106 870; x_wconf 86' lang='lat' dir='ltr'>sumas</span> <span class='ocrx_word' id='word_1_29' title='bbox 1133 834 1353 870; x_wconf 84' lang='lat' dir='ltr'>ornatum</span> <span class='ocrx_word' id='word_1_30' title='bbox 1374 832 1526 869; x_wconf 85' lang='lat' dir='ltr'>tuum.</span> 
     </span>
    </p>
   </div>
   <div class='ocr_carea' id='block_1_5' title="bbox 537 923 1239 958">
    <p class='ocr_par' dir='ltr' id='par_1_5' title="bbox 537 923 1239 958">
     <span class='ocr_line' id='line_1_10' title="bbox 537 923 1239 958; baseline 0.001 -1"><span class='ocrx_word' id='word_1_31' title='bbox 537 923 1239 958; x_wconf 78' lang='lat' dir='ltr'>COLLYBISGUS.</span> 
     </span>
    </p>
   </div>
   <div class='ocr_carea' id='block_1_6' title="bbox 233 992 1524 1257">
    <p class='ocr_par' dir='ltr' id='par_1_6' title="bbox 233 992 1524 1257">
     <span class='ocr_line' id='line_1_11' title="bbox 234 992 1524 1055; baseline -0.002 -14"><span class='ocrx_word' id='word_1_32' title='bbox 234 995 349 1041; x_wconf 90' lang='lat' dir='ltr'>Non</span> <span class='ocrx_word' id='word_1_33' title='bbox 377 1010 481 1039; x_wconf 89' lang='lat' dir='ltr'>sum</span> <span class='ocrx_word' id='word_1_34' title='bbox 516 993 851 1053; x_wconf 80' lang='lat' dir='ltr'>nequidquam</span> <span class='ocrx_word' id='word_1_35' title='bbox 880 996 1013 1040; x_wconf 88' lang='lat' dir='ltr'>miles</span> <span class='ocrx_word' id='word_1_36' title='bbox 1047 995 1218 1040; x_wconf 85' lang='lat' dir='ltr'>factus:</span> <span class='ocrx_word' id='word_1_37' title='bbox 1254 992 1524 1055; x_wconf 85' lang='lat' dir='ltr'>paullulum</span> 
     </span>
     <span class='ocr_line' id='line_1_12' title="bbox 236 1066 1318 1124; baseline -0.002 -11"><span class='ocrx_word' id='word_1_38' title='bbox 236 1067 440 1113; x_wconf 88' lang='lat' dir='ltr'>Praedae</span> <span class='ocrx_word' id='word_1_39' title='bbox 475 1066 600 1112; x_wconf 87' lang='lat' dir='ltr'>intus</span> <span class='ocrx_word' id='word_1_40' title='bbox 626 1066 715 1111; x_wconf 88' lang='lat' dir='ltr'>feci</span> <span class='ocrx_word' id='word_1_41' title='bbox 733 1099 746 1124; x_wconf 84' lang='grc'>,</span> <span class='ocrx_word' id='word_1_42' title='bbox 781 1067 902 1112; x_wconf 91' lang='lat' dir='ltr'>dum</span> <span class='ocrx_word' id='word_1_43' title='bbox 930 1067 1115 1113; x_wconf 89' lang='lat' dir='ltr'>lenonis</span> <span class='ocrx_word' id='word_1_44' title='bbox 1143 1067 1318 1113; x_wconf 88' lang='lat' dir='ltr'>familia</span> 
     </span>
     <span class='ocr_line' id='line_1_13' title="bbox 233 1138 1322 1202; baseline -0.001 -15"><span class='ocrx_word' id='word_1_45' title='bbox 233 1139 495 1187; x_wconf 86' lang='lat' dir='ltr'>Dormitat:</span> <span class='ocrx_word' id='word_1_46' title='bbox 536 1138 653 1183; x_wconf 83' lang='lat' dir='ltr'>extis</span> <span class='ocrx_word' id='word_1_47' title='bbox 685 1155 792 1184; x_wconf 90' lang='lat' dir='ltr'>sum</span> <span class='ocrx_word' id='word_1_48' title='bbox 821 1150 945 1185; x_wconf 87' lang='lat' dir='ltr'>satur</span> <span class='ocrx_word' id='word_1_49' title='bbox 978 1139 1123 1185; x_wconf 88' lang='lat' dir='ltr'>factus</span> <span class='ocrx_word' id='word_1_50' title='bbox 1151 1139 1322 1202; x_wconf 83' lang='lat' dir='ltr'>probe.</span> 
     </span>
     <span class='ocr_line' id='line_1_14' title="bbox 235 1209 908 1257; baseline -0.004 0"><span class='ocrx_word' id='word_1_51' title='bbox 235 1211 503 1257; x_wconf 87' lang='lat' dir='ltr'>Abscedam</span> <span class='ocrx_word' id='word_1_52' title='bbox 531 1210 643 1255; x_wconf 88' lang='lat' dir='ltr'>hinc</span> <span class='ocrx_word' id='word_1_53' title='bbox 671 1211 808 1256; x_wconf 84' lang='lat' dir='ltr'>intro.</span> <span class='ocrx_word' id='word_1_54' title='bbox 904 1209 908 1214; x_wconf 78' lang='grc'><em>’</em></span> 
     </span>
    </p>
   </div>
   <div class='ocr_carea' id='block_1_7' title="bbox 493 1304 1288 1343">
    <p class='ocr_par' dir='ltr' id='par_1_7' title="bbox 493 1304 1288 1343">
     <span class='ocr_line' id='line_1_15' title="bbox 493 1304 1288 1343; baseline 0.003 -5"><span class='ocrx_word' id='word_1_55' title='bbox 493 1304 1288 1343; x_wconf 86' lang='lat' dir='ltr'>AGORASTOCLES.</span> 
     </span>
    </p>
   </div>
   <div class='ocr_carea' id='block_1_8' title="bbox 229 1376 1487 1658">
    <p class='ocr_par' dir='ltr' id='par_1_8' title="bbox 229 1376 1487 1658">
     <span class='ocr_line' id='line_1_16' title="bbox 829 1376 1486 1430; baseline 0.006 -10"><span class='ocrx_word' id='word_1_56' title='bbox 829 1376 1026 1422; x_wconf 88' lang='lat' dir='ltr'>Factum</span> <span class='ocrx_word' id='word_1_57' title='bbox 1054 1394 1080 1423; x_wconf 88' lang='lat' dir='ltr'>a</span> <span class='ocrx_word' id='word_1_58' title='bbox 1107 1377 1245 1430; x_wconf 81' lang='lat' dir='ltr'>vobis</span> <span class='ocrx_word' id='word_1_59' title='bbox 1275 1378 1486 1424; x_wconf 88' lang='lat' dir='ltr'>comiter.</span> 
     </span>
     <span class='ocr_line' id='line_1_17' title="bbox 231 1448 1371 1514; baseline 0.003 -19"><span class='ocrx_word' id='word_1_60' title='bbox 231 1450 418 1496; x_wconf 84' lang='lat' dir='ltr'>Bonam</span> <span class='ocrx_word' id='word_1_61' title='bbox 447 1450 671 1507; x_wconf 86' lang='lat' dir='ltr'><strong>dedistis,</strong></span> <span class='ocrx_word' id='word_1_62' title='bbox 709 1448 980 1509; x_wconf 86' lang='lat' dir='ltr'>Advocati,</span> <span class='ocrx_word' id='word_1_63' title='bbox 1013 1468 1210 1514; x_wconf 89' lang='lat' dir='ltr'>operam</span> <span class='ocrx_word' id='word_1_64' title='bbox 1241 1452 1371 1502; x_wconf 87' lang='lat' dir='ltr'>mihi.</span> 
     </span>
     <span class='ocr_line' id='line_1_18' title="bbox 235 1522 1487 1583; baseline 0.003 -16"><span class='ocrx_word' id='word_1_65' title='bbox 235 1522 342 1568; x_wconf 86' lang='lat' dir='ltr'>Cras</span> <span class='ocrx_word' id='word_1_66' title='bbox 368 1536 508 1567; x_wconf 86' lang='lat' dir='ltr'>mane</span> <span class='ocrx_word' id='word_1_67' title='bbox 525 1557 538 1580; x_wconf 83' lang='lat'>‚</span> <span class='ocrx_word' id='word_1_68' title='bbox 570 1537 744 1583; x_wconf 88' lang='lat' dir='ltr'>quaeso</span> <span class='ocrx_word' id='word_1_69' title='bbox 762 1558 775 1580; x_wconf 87' lang='lat'><strong>‚</strong></span> <span class='ocrx_word' id='word_1_70' title='bbox 800 1523 850 1568; x_wconf 90' lang='lat' dir='ltr'>in</span> <span class='ocrx_word' id='word_1_71' title='bbox 879 1523 1075 1570; x_wconf 89' lang='lat' dir='ltr'>comitio</span> <span class='ocrx_word' id='word_1_72' title='bbox 1106 1534 1256 1571; x_wconf 88' lang='lat' dir='ltr'>estote</span> <span class='ocrx_word' id='word_1_73' title='bbox 1280 1524 1487 1571; x_wconf 83' lang='lat' dir='ltr'>obviam.</span> 
     </span>
     <span class='ocr_line' id='line_1_19' title="bbox 229 1589 1127 1658; baseline 0.001 -15"><span class='ocrx_word' id='word_1_74' title='bbox 229 1597 313 1650; x_wconf 70' lang='lat' dir='ltr'>,Tu</span> <span class='ocrx_word' id='word_1_75' title='bbox 341 1613 536 1658; x_wconf 81' lang='lat' dir='ltr'>sequere</span> <span class='ocrx_word' id='word_1_76' title='bbox 572 1614 652 1642; x_wconf 86' lang='lat' dir='ltr'>me</span> <span class='ocrx_word' id='word_1_77' title='bbox 675 1597 819 1642; x_wconf 86' lang='lat' dir='ltr'>intro.</span> <span class='ocrx_word' id='word_1_78' title='bbox 854 1614 944 1643; x_wconf 84' lang='lat' dir='ltr'>vos</span> <span class='ocrx_word' id='word_1_79' title='bbox 963 1589 1127 1644; x_wconf 82' lang='lat' dir='ltr'>valete.</span> 
     </span>
    </p>
   </div>
   <div class='ocr_carea' id='block_1_9' title="bbox 229 1695 1510 2470">
    <p class='ocr_par' dir='ltr' id='par_1_9' title="bbox 229 1695 1510 2393">
     <span class='ocr_line' id='line_1_20' title="bbox 582 1695 1192 1730; baseline 0 -2"><span class='ocrx_word' id='word_1_80' title='bbox 582 1695 617 1728; x_wconf 91' lang='lat' dir='ltr'>A</span> <span class='ocrx_word' id='word_1_81' title='bbox 652 1697 688 1729; x_wconf 94' lang='lat' dir='ltr'><strong>D</strong></span> <span class='ocrx_word' id='word_1_82' title='bbox 726 1697 763 1730; x_wconf 94' lang='lat' dir='ltr'>V</span> <span class='ocrx_word' id='word_1_83' title='bbox 803 1696 836 1729; x_wconf 92' lang='grc' dir='ltr'>Ο</span> <span class='ocrx_word' id='word_1_84' title='bbox 880 1697 907 1729; x_wconf 91' lang='lat' dir='ltr'>C</span> <span class='ocrx_word' id='word_1_85' title='bbox 945 1697 980 1730; x_wconf 94' lang='lat' dir='ltr'>A</span> <span class='ocrx_word' id='word_1_86' title='bbox 1018 1697 1050 1729; x_wconf 89' lang='lat' dir='ltr'>T</span> <span class='ocrx_word' id='word_1_87' title='bbox 1085 1698 1120 1730; x_wconf 93' lang='lat' dir='ltr'><strong>U</strong></span> <span class='ocrx_word' id='word_1_88' title='bbox 1157 1697 1192 1730; x_wconf 87' lang='lat' dir='ltr'>S.</span> 
     </span>
     <span class='ocr_line' id='line_1_21' title="bbox 934 1759 1449 1811; baseline 0.008 -9"><span class='ocrx_word' id='word_1_89' title='bbox 934 1810 937 1811; x_wconf 12' lang='lat'><em>⁷</em></span> <span class='ocrx_word' id='word_1_90' title='bbox 1162 1759 1224 1804; x_wconf 91' lang='lat' dir='ltr'>Et</span> <span class='ocrx_word' id='word_1_91' title='bbox 1251 1768 1307 1805; x_wconf 90' lang='lat' dir='ltr'>tu</span> <span class='ocrx_word' id='word_1_92' title='bbox 1334 1761 1449 1806; x_wconf 89' lang='lat' dir='ltr'>vale.</span> 
     </span>
     <span class='ocr_line' id='line_1_22' title="bbox 232 1821 1091 1887; baseline -0.001 -18"><span class='ocrx_word' id='word_1_93' title='bbox 232 1822 462 1887; x_wconf 85' lang='lat' dir='ltr'>Injuriam</span> <span class='ocrx_word' id='word_1_94' title='bbox 487 1821 580 1866; x_wconf 90' lang='lat' dir='ltr'>illic</span> <span class='ocrx_word' id='word_1_95' title='bbox 612 1822 831 1885; x_wconf 86' lang='lat' dir='ltr'>insignite</span> <span class='ocrx_word' id='word_1_96' title='bbox 859 1824 1091 1883; x_wconf 89' lang='lat' dir='ltr'>postulat:</span> 
     </span>
     <span class='ocr_line' id='line_1_23' title="bbox 229 1894 1185 1941; baseline 0 0"><span class='ocrx_word' id='word_1_97' title='bbox 229 1895 402 1941; x_wconf 87' lang='lat' dir='ltr'>Nostro</span> <span class='ocrx_word' id='word_1_98' title='bbox 436 1894 605 1939; x_wconf 80' lang='lat' dir='ltr'>servire</span> <span class='ocrx_word' id='word_1_99' title='bbox 639 1910 721 1939; x_wconf 90' lang='lat' dir='ltr'>nos</span> <span class='ocrx_word' id='word_1_100' title='bbox 755 1895 840 1940; x_wconf 86' lang='lat' dir='ltr'><strong>sibi</strong></span> <span class='ocrx_word' id='word_1_101' title='bbox 870 1905 1028 1940; x_wconf 86' lang='lat' dir='ltr'>censet</span> <span class='ocrx_word' id='word_1_102' title='bbox 1062 1895 1185 1941; x_wconf 83' lang='lat' dir='ltr'>cibo.</span> 
     </span>
     <span class='ocr_line' id='line_1_24' title="bbox 231 1968 1162 2015; baseline -0.001 0"><span class='ocrx_word' id='word_1_103' title='bbox 231 1969 416 2015; x_wconf 84' lang='lat' dir='ltr'>Verum</span> <span class='ocrx_word' id='word_1_104' title='bbox 445 1968 508 2012; x_wconf 89' lang='lat' dir='ltr'>ita</span> <span class='ocrx_word' id='word_1_105' title='bbox 542 1979 652 2013; x_wconf 87' lang='lat' dir='ltr'>sunt</span> <span class='ocrx_word' id='word_1_106' title='bbox 684 1969 758 2012; x_wconf 88' lang='lat' dir='ltr'>isti</span> <span class='ocrx_word' id='word_1_107' title='bbox 785 1969 930 2013; x_wconf 86' lang='lat' dir='ltr'>nostri</span> <span class='ocrx_word' id='word_1_108' title='bbox 968 1968 1162 2014; x_wconf 84' lang='lat' dir='ltr'>divites:</span> 
     </span>
     <span class='ocr_line' id='line_1_25' title="bbox 232 2041 1413 2109; baseline 0.003 -21"><span class='ocrx_word' id='word_1_109' title='bbox 232 2042 281 2089; x_wconf 84' lang='lat' dir='ltr'>Si</span> <span class='ocrx_word' id='word_1_110' title='bbox 317 2042 437 2102; x_wconf 88' lang='lat' dir='ltr'>quid</span> <span class='ocrx_word' id='word_1_111' title='bbox 467 2041 725 2087; x_wconf 88' lang='lat' dir='ltr'>benefacias</span> <span class='ocrx_word' id='word_1_112' title='bbox 747 2076 759 2098; x_wconf 89' lang='lat'>‚</span> <span class='ocrx_word' id='word_1_113' title='bbox 797 2043 946 2088; x_wconf 87' lang='lat' dir='ltr'>levior</span> <span class='ocrx_word' id='word_1_114' title='bbox 970 2043 1135 2103; x_wconf 90' lang='lat' dir='ltr'>pluma</span> <span class='ocrx_word' id='word_1_115' title='bbox 1158 2043 1214 2089; x_wconf 88' lang='lat' dir='ltr'>’st</span> <span class='ocrx_word' id='word_1_116' title='bbox 1247 2046 1413 2109; x_wconf 85' lang='lat' dir='ltr'>gratia:</span> 
     </span>
     <span class='ocr_line' id='line_1_26' title="bbox 231 2114 1419 2182; baseline 0.003 -22"><span class='ocrx_word' id='word_1_117' title='bbox 231 2114 279 2160; x_wconf 83' lang='lat' dir='ltr'>Si</span> <span class='ocrx_word' id='word_1_118' title='bbox 314 2115 434 2174; x_wconf 91' lang='lat' dir='ltr'>quid</span> <span class='ocrx_word' id='word_1_119' title='bbox 461 2126 710 2175; x_wconf 87' lang='lat' dir='ltr'>peccatum</span> <span class='ocrx_word' id='word_1_120' title='bbox 733 2115 816 2181; x_wconf 54' lang='grc' dir='ltr'>Ἐξ,</span> <span class='ocrx_word' id='word_1_121' title='bbox 850 2117 1097 2176; x_wconf 87' lang='lat' dir='ltr'>plumbeas</span> <span class='ocrx_word' id='word_1_122' title='bbox 1128 2117 1210 2162; x_wconf 86' lang='lat' dir='ltr'>iras</span> <span class='ocrx_word' id='word_1_123' title='bbox 1239 2130 1419 2182; x_wconf 82' lang='lat' dir='ltr'>gerunt.</span> 
     </span>
     <span class='ocr_line' id='line_1_27' title="bbox 230 2186 1412 2244; baseline 0.002 -12"><span class='ocrx_word' id='word_1_124' title='bbox 230 2186 415 2232; x_wconf 87' lang='lat' dir='ltr'>Domos</span> <span class='ocrx_word' id='word_1_125' title='bbox 450 2186 671 2232; x_wconf 87' lang='lat' dir='ltr'>abeamus</span> <span class='ocrx_word' id='word_1_126' title='bbox 704 2197 907 2244; x_wconf 85' lang='lat' dir='ltr'>nostras,</span> <span class='ocrx_word' id='word_1_127' title='bbox 943 2188 1095 2244; x_wconf 85' lang='lat' dir='ltr'>sultis,</span> <span class='ocrx_word' id='word_1_128' title='bbox 1134 2205 1264 2234; x_wconf 90' lang='lat' dir='ltr'>nunc</span> <span class='ocrx_word' id='word_1_129' title='bbox 1292 2190 1412 2234; x_wconf 74' lang='lat' dir='ltr'>iam:</span> 
     </span>
     <span class='ocr_line' id='line_1_28' title="bbox 230 2260 1510 2330; baseline 0.002 -25"><span class='ocrx_word' id='word_1_130' title='bbox 230 2260 443 2330; x_wconf 72' lang='lat' dir='ltr'>Quando</span> <span class='ocrx_word' id='word_1_131' title='bbox 473 2260 548 2318; x_wconf 83' lang='lat' dir='ltr'>id,</span> <span class='ocrx_word' id='word_1_132' title='bbox 580 2261 698 2321; x_wconf 91' lang='lat' dir='ltr'>quoi</span> <span class='ocrx_word' id='word_1_133' title='bbox 721 2261 787 2306; x_wconf 87' lang='lat' dir='ltr'>rei</span> <span class='ocrx_word' id='word_1_134' title='bbox 816 2277 1008 2322; x_wconf 88' lang='lat' dir='ltr'>operam</span> <span class='ocrx_word' id='word_1_135' title='bbox 1039 2261 1281 2320; x_wconf 85' lang='lat' dir='ltr'>dedimus,</span> <span class='ocrx_word' id='word_1_136' title='bbox 1306 2260 1510 2322; x_wconf 84' lang='lat' dir='ltr'>inpetra-</span> 
     </span>
     <span class='ocr_line' id='line_1_29' title="bbox 480 2352 669 2393; baseline 0.005 -13"><span class='ocrx_word' id='word_1_137' title='bbox 480 2352 635 2381; x_wconf 78' lang='lat' dir='ltr'>vlmus</span> <span class='ocrx_word' id='word_1_138' title='bbox 655 2370 669 2393; x_wconf 83' lang='lat'>,</span> 
     </span>
    </p>

    <p class='ocr_par' dir='ltr' id='par_1_10' title="bbox 232 2406 1213 2470">
     <span class='ocr_line' id='line_1_30' title="bbox 232 2406 1213 2470; baseline 0.002 -19"><span class='ocrx_word' id='word_1_139' title='bbox 232 2406 294 2452; x_wconf 88' lang='lat' dir='ltr'>Ut</span> <span class='ocrx_word' id='word_1_140' title='bbox 320 2409 624 2469; x_wconf 86' lang='lat' dir='ltr'>perderemus</span> <span class='ocrx_word' id='word_1_141' title='bbox 658 2420 1000 2470; x_wconf 89' lang='lat' dir='ltr'>conruptorem</span> <span class='ocrx_word' id='word_1_142' title='bbox 1025 2408 1213 2455; x_wconf 88' lang='lat' dir='ltr'>civium.</span> 
     </span>
    </p>
   </div>
  </div>
 </body>
</html>
