1690 2872
89 163 242 209 v.151
362 143 658 206 ACTUS·
710 144 809 191 IV.
860 143 967 191 SC.
1021 144 1141 219 111.
1274 161 1364 206 491

91 257 191 322 Ego
210 255 274 302 ob
295 255 418 302 hanc
442 270 634 315 operam
651 263 900 316 argentum
925 251 1108 313 accepi:
1136 263 1184 296 te
1213 263 1370 297 macto

103 384 105 387 Ι
342 328 623 374 infortunio.

93 401 316 448 Ceterum
346 401 430 462 qui
455 401 540 457 sis,
574 400 659 461 qui
689 415 791 447 non
816 400 898 459 εἰς,
930 400 1136 448 floccum
1170 418 1271 448 non
1300 403 1373 448 in-

345 474 572 521 terduim.

88 548 180 596 Ibo
210 546 272 593 ad
302 547 472 604 illum,
506 547 821 605 renuntiabo,
854 546 939 607 qui
971 547 1089 592 mihi
1121 547 1199 593 tris
1233 564 1378 594 num-

345 637 451 666 mos
483 621 618 667 dedit
633 655 648 678 ‚

91 692 157 738 Ut
172 692 301 749 sciat,
317 708 364 738 se
380 693 655 754 perdidisse.
674 709 762 757 ego
781 693 912 740 abeo.
930 697 1053 741 male
1065 695 1175 741 vive
1194 706 1241 741 et
1258 696 1374 741 vale.

83 765 244 836 ‘Quod
274 765 356 811 Dii
384 777 432 812 te
472 783 636 812 omnes
672 767 1005 814 advenientem
1039 785 1233 832 peregre
1265 785 1373 829 per-

350 836 466 884 dant
486 873 500 895 ,
538 838 822 884 Charmides.

448 933 474 965 c
510 936 545 969 Η
582 931 616 964 Α
651 933 685 965 R
721 933 764 965 M
801 933 822 964 1
855 933 890 964 n
929 917 982 965 1·:'
999 932 1040 966 s.

89 1001 349 1062 Postquam
377 1001 457 1046 ille
486 1001 600 1046 hinc
623 999 764 1056 abiit,
794 1011 903 1061 post
926 999 1163 1061 loquendi
1187 999 1338 1047 libere

88 1072 511 1135 Videturftempus
536 1072 744 1129 venisse,
771 1082 917 1132 atque
951 1073 1148 1118 occasio.

80 1144 384 1204 Jamdudum
415 1161 581 1190 meum
606 1145 687 1190 ille
714 1155 880 1205 pectus
906 1146 1079 1209 pungit
1108 1146 1325 1203 aculeus,

85 1217 231 1288 Quid
257 1216 326 1262 illi
348 1217 511 1281 negoti
538 1217 681 1263 fuerit
709 1228 817 1262 ante
849 1217 976 1263 aedis
1007 1234 1146 1264 meas.

86 1288 213 1334 Nam
243 1289 439 1350 epistola
468 1289 547 1335 illa
576 1289 695 1335 mihi
722 1292 1049 1336 concenturiat
1078 1302 1266 1336 metum

83 1361 144 1406 In
157 1360 301 1406 corde
311 1394 324 1416 ,
343 1372 391 1405 et
406 1360 527 1406 illud
544 1362 676 1407 mille
690 1363 952 1407 nummum
966 1379 1115 1422 quam
1130 1380 1231 1408 rem
1247 1375 1364 1426 agat.

85 1429 367 1490 Numquam
391 1429 565 1490 edepol
586 1443 765 1476 temere
782 1432 946 1477 tirmiit
967 1433 1369 1480 tintinnabulum:

86 1501 189 1547 Nisi
207 1502 293 1562 qui
312 1502 432 1547 illud
452 1514 616 1549 tractat
633 1516 715 1549 aut
734 1516 921 1562 movet,
933 1518 1127 1552 mutum
1142 1509 1220 1563 ’st,
1232 1518 1368 1552 tacet.

88 1573 184 1622 Sed
209 1574 316 1634 quis
343 1574 420 1620 hi'c
454 1586 522 1621 est
539 1611 553 1633 ,
586 1577 674 1638 qui
696 1576 792 1622 huc
819 1578 870 1623 in
897 1579 1105 1639 plateam
1131 1596 1372 1626 cursuram

347 1648 512 1709 incipit
533 1649 554 1694 ?
1261 1655 1264 1658 ⁴

88 1721 250 1770 Lubet
271 1723 528 1771 >observare
542 1759 558 1783 ‚
589 1726 708 1788 quid
738 1738 865 1791 agat:
900 1728 997 1775 huc
1022 1744 1304 1775 concessero.

400 1906 438 1952 S
488 1905 528 1952 C
570 1906 615 1953 E
656 1907 711 1953 N
749 1904 791 1954 Α
878 1909 912 1954 Ι
939 1910 972 1955 I
997 1910 1038 1955 Ι.

91 2014 666 2085 STASIMUS}
732 2048 1363 2088 CHARMIDES.

477 2186 981 2226 STASIMUS.

88 2238 405 2353 STASIME
423 2339 438 2362 ‚
469 2304 540 2351 fac
570 2316 619 2351 te
645 2322 846 2367 propere
876 2309 1078 2356 celerem
1094 2343 1107 2366 ‚
1136 2310 1290 2372 recipe
1314 2322 1363 2357 te

347 2377 407 2422 ad
442 2377 697 2424 dominum
723 2378 949 2430 domum3
