1690 2872
109 140 233 176 ww
408 123 828 173 ACTUS'II.
876 122 984 172 SC.
1031 125 1111 171 II.
1305 141 1397 189 437

109 235 202 283 Pro
218 231 436 298 ingenie,
464 247 554 295 ego
573 247 652 276 me
670 230 876 276 liberum
897 246 990 277 esse
1008 241 1134 277 ratus
1155 245 1287 276 sum:
1308 247 1398 292 pro

369 306 571 368 imperio
588 340 602 362 ,
641 316 798 351 tuum.

107 380 278 431 Meum
305 381 523 427 animum
546 378 636 425 tibi
653 378 930 426 servitutem
955 379 1123 427 servire
1138 413 1153 438 ,
1186 395 1398 441 aequom

363 450 537 497 censui.

568 536 598 569 P
634 537 669 570 Η
706 537 727 570 1
762 537 793 570 1,
830 537 863 569 'r
899 537 945 570 o.

111 596 218 666 Qui
246 596 396 642 homo
425 611 538 642 cum
570 595 731 646 animo
768 595 884 641 inde
913 595 975 642 ab
1008 596 1207 642 ineunte
1241 605 1393 641 aetate

364 668 606 732 depugnat
632 685 718 714 suo
732 702 745 723 ‚

110 741 285 790 Utrum
311 742 349 788 is
374 741 502 788 itane
525 757 619 786 esse
639 741 859 798 mavelit,
886 750 945 787 ut
974 755 1088 786 eum
1110 741 1294 786 animus
1315 756 1395 786 ae-

362 833 517 878 quom
544 826 728 862 censeat
742 849 759 872 ,

108 889 191 937 An
215 890 286 949 'ita
313 889 474 952 potius
490 923 506 947 ,
529 900 585 936 ut
615 898 831 951 parentes
865 903 977 934 eum
1011 903 1104 933 esse
1133 898 1181 932 et
1207 887 1396 951 cognati

362 963 535 1010 velint:

110 1034 162 1085 Si
183 1035 367 1083 animus
393 1035 644 1082 hominem
669 1035 911 1097 perpulit;
943 1045 1104 1080 actum
1126 1035 1206 1080 ’stz
1233 1034 1395 1079 animo

358 1107 548 1154 servibit
563 1141 579 1165 ‚
609 1123 712 1153 non
743 1107 845 1153 sibi.

107 1179 194 1230 Sin
212 1181 311 1244 ipse
327 1180 545 1227 animum
573 1181 813 1243 perpulit;
840 1179 966 1227 dum
985 1180 1103 1227 vivit
1116 1214 1133 1238 ‚
1154 1180 1307 1230 victor
1323 1182 1396 1227 vi-

360 1266 548 1309 ctorum
581 1257 723 1302 cluet.

105 1328 190 1376 Tu
209 1328 247 1374 si
261 1328 476 1374 animum
491 1329 668 1388 vicisti,
685 1331 846 1392 potius
870 1348 1016 1392 quam
1037 1331 1220 1377 animus
1234 1341 1282 1377 te
1293 1366 1305 1387 ‚
1328 1342 1395 1377 est

363 1401 501 1460 quod
527 1402 742 1464 gaudeas.
1231 1453 1236 1458 ‚

107 1472 271 1518 Nimio
298 1471 439 1517 satius
469 1484 567 1529 est,
599 1485 656 1519 ut
679 1491 780 1535 opu
801 1476 882 1533 ’st‚
919 1487 968 1521 te
995 1477 1061 1523 ita
1088 1492 1181 1522 esse
1198 1510 1212 1533 ,
1246 1493 1395 1535 quam

367 1553 425 1588 ut
445 1544 606 1589 animo
630 1545 781 1591 lubet.

114 1615 218 1686 Qui
240 1615 456 1661 animum
479 1616 710 1675 vincunt,
733 1634 880 1679 quam
903 1635 1026 1680 quos
1044 1619 1253 1678 animus,
1271 1635 1397 1665 sem-

366 1705 451 1751 per
483 1690 727 1752 probiores
759 1694 934 1740 cluent.

471 1782 505 1816 1.
541 1784 576 1816 Y
612 1783 635 1818 s
670 1786 692 1818 1
727 1786 760 1819 Τ
792 1786 824 1819 Ε
858 1786 890 1818 1.
926 1785 957 1818 Β
993 1785 1030 1819 s.

105 1845 263 1897 ‘Istaec
298 1858 387 1908 ego
423 1844 544 1890 mihi
574 1848 757 1909 semper
791 1846 939 1893 habui
970 1847 1112 1894 aetati
1143 1858 1395 1911 tegumen-
1449 1849 1453 1853 ’

333 1935 336 1937 ·
368 1927 475 1962 tum
502 1934 636 1964 meae
650 1953 664 1975 ,

113 1987 188 2035 Ne
208 1999 510 2051 penetrarem
524 2007 604 2037 me
620 2007 823 2052 usquam
834 2025 849 2049 ,
866 1990 953 2037 ubi
970 2003 1085 2038 esset
1103 1990 1266 2037 damni
1286 2006 1396 2036 con-

366 2064 669 2112 ciliabulum:

19 2161 31 2191 χ
109 2134 188 2190 Ne
206 2146 357 2184 noctu
384 2137 504 2184 irem
522 2138 886 2186 obambulatum
898 2174 914 2199 ,
942 2156 1042 2186 neu
1058 2157 1199 2187 suum
1217 2140 1397 2186 adime-

368 2226 470 2256 rem
496 2211 641 2256 alteri.

114 2278 224 2328 Neu
249 2280 338 2329 tibi
359 2281 727 2345 aegritudinem,
752 2293 912 2346 pater,
931 2299 1173 2346 parerem,
1190 2283 1310 2345 parsi
1332 2299 1398 2329 se-

373 2351 505 2399 dulo.
548 2369 558 2377 ’
840 2375 846 2383 =

1031 2429 1072 2477 E
1089 2445 1115 2475 e
1150 2445 1178 2491 3
