1630 2866
220 172 312 234 198
507 169 1151 223 PSEUDOLUS.
1382 192 1511 242 v.24

718 291 742 325 S
779 293 800 325 1
836 292 879 328 M
913 294 936 327 1
971 294 1021 329 A.

222 351 382 399 Immo
413 351 544 397 mihi.
574 352 658 410 sed
682 353 824 412 vide,
843 366 1035 402 ornatus
1059 355 1136 403 hic
1163 356 1267 404 satis
1294 372 1374 405 me
1392 371 1508 407 con-

480 425 653 471 decet?
1036 462 1039 463 ν

582 512 610 545 Ρ
655 513 678 546 S
716 513 746 545 E
787 513 822 547 U
859 516 895 549 D
934 515 967 548 Ο
1004 516 1035 550 L
1073 516 1110 550 U
1146 515 1188 559 S·

219 573 438 635 Optume
467 573 624 619 habet.

711 651 735 685 S
772 651 794 684 1
830 651 874 685 M
909 652 931 685 1
967 652 1017 686 A.

425 706 552 753 Esto.

578 782 1170 820 PSEUDOLUS.

461 842 674 890 Tantum
693 845 782 890 tibi
804 845 923 891 boni
939 845 1021 892 Dii
1043 845 1315 893 inmortales
1336 845 1507 908 duint,

226 921 485 991 Quantum
505 932 560 966 tu
587 921 675 967 tibi
706 933 851 984 optes.
875 939 988 969 nam
1020 923 1057 970 si
1084 935 1336 986 exoptem,
1356 942 1508 987 quan-

485 1005 593 1040 tum
630 995 836 1060 dignus,
870 1008 1059 1043 tantum
1089 998 1234 1056 dent,

224 1069 385 1116 Minus
411 1068 563 1113 nihilo
593 1080 673 1114 est.
705 1083 865 1130 neque
892 1087 979 1133 ego
1011 1071 1102 1116 hoc
1126 1071 1323 1118 homine
1343 1089 1514 1134 quem-

483 1156 631 1200 quam
655 1142 756 1187 vidi
789 1144 933 1207 magis
960 1145 1146 1190 malum

226 1213 287 1262 Et
314 1213 598 1260 maleficum.

714 1287 736 1322 s
772 1290 793 1323 1
829 1291 871 1325 M
907 1291 929 1324 1
965 1291 1017 1325 A.

450 1351 578 1398 Tun’
604 1349 654 1395 id
682 1350 833 1395 mihi?

583 1437 614 1470 1>
650 1436 672 1470 S
710 1437 739 1469 E
778 1435 812 1468 U
849 1438 884 1469 D
924 1437 957 1470 Ο
995 1438 1025 1472 L
1062 1438 1098 1471 U
1136 1439 1176 1473 S·

701 1495 874 1542 Taceo.
902 1497 984 1543 sed
1015 1515 1103 1562 ego
1131 1513 1254 1561 quae
1275 1498 1371 1545 tibi
1387 1499 1515 1547 dona

227 1571 368 1619 Dabo
393 1580 439 1616 et
461 1553 652 1626 faciam,
674 1569 709 1614 si
730 1569 851 1615 hanc
879 1586 980 1616 rem
1010 1571 1164 1617 sobrie
1182 1572 1442 1618 accusassis!

719 1654 742 1688 S
777 1656 798 1689 1
834 1657 877 1690 Μ
914 1658 935 1691 Ι
971 1658 1022 1695 A·

1080 1708 1235 1755 Potin’
1256 1719 1311 1755 ut
1333 1711 1514 1758 taceas?

226 1783 493 1831 Memorem
527 1783 844 1828 inmemorem
878 1782 1014 1839 facit,
1050 1782 1136 1842 qui
1170 1794 1336 1829 monet
1372 1782 1510 1845 quod

480 1872 666 1918 memor
697 1856 928 1903 meminit.
963 1866 1104 1902 teneo
1141 1857 1313 1902 omnia.

226 1931 285 1977 In
299 1940 492 1993 pectore
511 1928 707 1974 condita
717 1939 849 1985 sunt,
869 1928 1082 1974 meditati
1100 1940 1210 1974 sunt
1228 1927 1329 1974 doli
1349 1928 1504 1975 docte.

581 2013 611 2046 P
648 2013 670 2045 S
706 2014 736 2046 E
775 2013 810 2046 U
846 2013 882 2046 D
921 2013 953 2047 Ο
989 2014 1019 2047 L
1058 2013 1092 2046 U
1132 2014 1172 2048 S.

1150 2074 1333 2122 Probus
1350 2073 1426 2120 hic
1447 2083 1515 2120 est

228 2139 408 2186 Homo.
790 2169 801 2175 -

718 2217 740 2251 s
776 2217 798 2250 1
835 2217 878 2249 Μ
912 2216 933 2249 1
971 2215 1019 2250 A.

359 2277 532 2340 Neque
555 2277 632 2324 hic
657 2288 753 2335 est,
776 2293 938 2339 neque
962 2294 1065 2343 ego.

583 2365 612 2399 P
647 2364 671 2399 s
705 2365 736 2399 Ε
774 2363 810 2396 U
846 2364 883 2396 D
919 2364 952 2396 o
990 2364 1021 2397 1.
1058 2362 1094 2395 U
1130 2360 1169 2395 s.
1240 2404 1242 2407 y

739 2424 805 2471 At
821 2423 932 2471 vide
954 2439 1016 2468 ne
1040 2421 1228 2485 titubes.
