1630 2866
239 171 334 222 μα
561 160 1133 211 POENULUS
1393 154 1574 227 ιη’

495 281 1280 319 AGORASTOCLES.

241 349 316 396 Ite
345 346 487 410 igitur
518 344 670 400 intro,
701 343 930 389 mulieres.
969 344 1051 390 sed
1084 356 1249 407 patrue
1280 347 1347 392 mi
1366 380 1383 404 ,

241 423 398 468 Tuam
416 453 430 477 ,
459 428 515 463 ut
542 416 732 475 dixisti,
768 418 888 463 mihi
927 418 1175 481 desponde
1194 420 1352 467 filiam.

729 510 764 543 n
800 510 836 544 A
875 510 909 557 N
942 511 977 544 N
1012 512 1059 546 o.

245 562 390 611 Haud
415 562 546 609 aliter
569 562 728 608 ausim.

469 655 1274 693 ANTHEMONIDES.

771 715 901 763 Bene
924 718 1041 763 vale.

496 799 1394 838 AGORASTOCLES.·.

1082 863 1146 909 Et
1178 874 1233 910 tu
1256 863 1384 910 bene
1406 865 1526 912 vale.

471 947 1363 983 ANTHE-MONIDES.‘

245 1008 406 1057 Leno!
437 1006 751 1053 arrhabonem
772 1009 865 1052 hoc
887 1024 974 1068 pro
998 1008 1129 1053 mina
1156 1024 1349 1056 mecum
1381 1009 1492 1058 fero.

725 1098 757 1132 L
794 1098 829 1131 Y
864 1098 892 1131 c
929 1098 964 1131 U
999 1098 1037 1132 s.

247 1153 368 1200 Perii
397 1151 578 1198 hercle!

505 1235 1295 1271 AGORASTOCLES.

353 1300 512 1346 Immo
532 1296 663 1342 haud
682 1297 839 1342 multo
857 1306 988 1358 post,
1007 1312 1161 1357 quom
1175 1295 1227 1341 in
1235 1296 1314 1360 jus
1330 1297 1526 1346 veneris,

729 1390 761 1423 Ι,
798 1389 830 1421 Y
866 1390 892 1422 c
929 1388 966 1421 U
1003 1388 1038 1421 s.

248 1453 387 1522 Quin
425 1462 612 1516 egomet
650 1450 747 1496 'tibi
787 1466 866 1496 me
911 1449 1097 1496 addico.
1148 1449 1271 1511 quid
1309 1450 1529 1498 Praetore

509 1542 608 1586 opu
625 1525 715 1571 ’st?

248 1599 434 1645 Verum
461 1598 653 1643 obsecro
682 1607 758 1655 te,
787 1607 843 1642 ut
877 1595 1013 1642 liceat
1043 1595 1269 1658 simplum
1299 1598 1495 1644 solvere.

249 1673 509 1718 Trecentos
537 1670 808 1731 Philippos,
842 1669 983 1715 credo
1002 1703 1016 1727 ‚
1051 1668 1240 1715 conradi
1270 1680 1450 1730 potest:

248 1745 358 1790 Cras
385 1744 656 1789 auctionem
686 1743 867 1809 faciarn.

509 1835 1304 1870 AGORASTOCLES.

854 1897 1105 1959 Tantisper
1138 1897 1367 1958 quidem,

254 1975 318 2022 Ut
343 1974 399 2020 sis
423 1971 554 2034 apud
590 1989 668 2019 me
696 1972 850 2036 lignea
883 1972 933 2016 in
969 1972 1196 2018 custodia.

736 2063 1051 2097 LYCUS·

251 2117 366 2163 Fiat.

512 2190 1305 2226 AGORASTOCLES·

322 2253 531 2316 Sequere
545 2255 688 2312 intro,
709 2264 875 2316 patrue
893 2253 977 2310 mi,
993 2265 1047 2299 ut
1066 2254 1194 2299 hunc
1212 2252 1381 2298 festum
1398 2246 1528 2296 diem

253 2327 521 2372 Habeamus
546 2327 713 2384 hilare,
741 2327 879 2390 hujus
900 2327 1051 2381 malo,
1083 2336 1131 2369 et
1151 2333 1314 2395 nostro
1341 2320 1488 2367 bono.

252 2401 466 2448 Multum
491 2404 656 2448 valete.
683 2402 835 2447 multa
860 2400 1004 2447 verba
1031 2398 1235 2444 fecimus.
