1630 2866
198 203 264 244 22
543 184 1125 252 POENuLus
1354 188 1490 254 ww

496 308 1226 344 ADELPHASIUM.

203 370 391 418 Invidia
418 371 467 415 in
493 387 571 415 me
603 386 871 431 numquam
902 370 1059 418 innata
1077 372 1161 430 ’st‚
1199 387 1361 432 neque
1387 386 1490 417 ma-

460 444 586 501 litia,
615 461 720 489 mea
747 460 883 489 soror.

203 515 340 563 Bono
369 517 559 580 ingenio
584 534 662 567 me
682 534 774 562 esse
794 526 1008 563 ornatam
1021 551 1035 574 ‚
1061 521 1209 578 quam
1229 533 1343 564 auro
1361 517 1490 564 mul*

454 602 506 636 to
536 591 762 636 mavolo.-

201 663 389 711 Aurum
421 665 471 709 in
506 664 695 710 fortuna
729 665 973 712 invenitur
991 698 1005 721 ‚
1040 674 1209 710 natura
1239 664 1488 728 ingenium

190 734 192 743 ’
352 731 357 738 ’
462 737 662 783 bonum.
1514 730 1519 736 ⁴

200 808 386 857 Bonam
422 827 509 873 ego
546 827 694 870 quam
728 808 915 855 beatam
954 826 1033 856 me
1072 826 1167 856 esse
1211 809 1364 856 nimio
1398 808 1492 855 dici

463 884 666 929 mavolo.
998 938 999 941 Ἴ

203 956 502 1003 Meretricem
529 956 767 1016 pudorem
796 970 954 1016 gerere
976 954 1122 1016 magis
1147 954 1315 1012 decet,
1343 969 1492 1015 quarn
1585 997 1588 1000 ,

458 1044 748 1089 purpuram.
1543 1027 1545 1029 ’

204 1101 452 1165 Magisque
488 1099 784 1145 meretricem
820 1098 1059 1158 pudorem
1079 1134 1094 1157 ‚
1133 1116 1282 1161 quam
1321 1114 1496 1149 aurum

459 1189 623 1236 gerere
651 1171 894 1217 condecet.

205 1246 466 1293 Pulchrum
513 1257 735 1304 omatum
771 1256 931 1305 turpes
960 1259 1126 1291 mores
1169 1244 1304 1346 pejus
1343 1259 1495 1289 coeno

460 1316 729 1362 conlinunt.

207 1389 380 1452 Lepidi
408 1406 562 1435 mores
590 1401 782 1450 turpem
809 1400 1032 1458 ornatum
1059 1388 1193 1435 facile
1215 1384 1346 1439 factis
1377 1405 1495 1435 con-

460 1464 677 1526 probant.

460 1558 1253 1594 AGORASTOCLES.

206 1619 311 1668 Eho
340 1621 424 1665 tu!
451 1620 545 1665 vin’
570 1630 624 1665 tu
654 1619 829 1665 facinus
860 1619 1008 1666 facere
1039 1619 1258 1679 lepidum
1290 1628 1337 1663 et
1365 1618 1494 1664 festi-

1179 1693 1332 1739 vom?

631 1773 675 1805 M
712 1773 733 1804 1
768 1773 800 1804 L
835 1773 863 1804 P
901 1772 935 1803 Η
970 1772 991 1804 1
1027 1772 1073 1805 o.

1354 1821 1497 1870 Volo.

461 1900 1258 1935 AGORASTOCLES.

204 1962 405 2008 Potesne
439 1961 558 2007 mihi
586 1961 880 2008 auscultare?

550 2048 554 2054 ’
627 2058 671 2092 Μ
708 2058 728 2090 1
766 2058 859 2090 L-l’
898 2057 932 2090 H
967 2058 988 2090 1
1024 2058 1070 2090 o.

653 2119 863 2165 Possum.

461 2206 1291 2254 AGOR.ASTOCLES.'

727 2279 823 2326 Abi
852 2281 1082 2338 domurn,
1103 2297 1156 2327 ac
1175 2278 1409 2343 suspende
1430 2288 1493 2326 te.

624 2379 670 2414 M
703 2380 724 2413 1
760 2379 791 2413 L
828 2380 856 2414 P
893 2380 928 2413 H
963 2380 984 2412 1
1023 2379 1071 2412 0.

204 2429 571 2497 Quamobrem?
