1630 2866
85 170 177 220 Μ
390 153 686 203 AcTth
734 155 809 200 11.
863 153 969 201 sc.
1020 155 1058 200 1.
1276 172 1366 220 433

88 264 304 334 Magister
330 263 449 310 mihi
476 263 708 310 exercitor
724 262 908 314 animus
931 262 1042 308 hinc
1070 273 1150 308 est.
1173 262 1256 308 sed
1274 263 1369 309 hoc

346 353 448 384 non
480 338 635 398 liquet
654 371 671 395 ‚
745 380 750 385 .

90 410 191 457 Nec
212 411 316 458 satis
342 410 605 474 cogitatum
625 411 706 467 ’st,
730 421 885 456 utram
907 409 1069 473 potius
1090 408 1262 456 harum
1282 409 1376 456 mi-

341 485 391 530 hi
413 495 561 530 artem
586 495 873 546 expetessam
889 519 905 542 ‚

90 558 255 606 Utram
271 558 410 604 aetati
424 556 638 622 agundae
654 556 851 603 arbitrer
869 557 1150 603 firmiorem:
1176 555 1373 602 amorin'

346 647 426 676 me
442 665 456 689 ‚
485 646 546 676 an
574 645 642 675 rei

91 702 312 763 Obsequi
341 703 501 763 potius
522 717 605 762 par
636 700 747 745 siet:
784 711 889 747 utra
911 702 963 748 in
995 714 1128 765 parte
1158 703 1266 764 plus
1288 718 1377 750 vo-

346 774 536 835 luptatis
566 773 624 819 sit
657 773 781 819 vitae
800 807 816 830 ,
914 830 917 834 Δ

93 845 175 893 Ad
201 858 404 893 aetatem
427 847 669 911 agundam
684 881 699 905 ,
725 847 785 893 de
806 848 891 893 hac
914 864 967 914 {e
983 848 1103 894 mihi
1119 849 1222 894 satis
1248 846 1378 893 haud

345 919 511 979 liquet.
539 919 627 964 nisi
654 921 747 966 hoc

95 989 171 1039 Sic
198 989 363 1037 faciam
398 992 597 1053 opinor:
628 1002 883 1053 utramque
914 1009 1018 1039 rem
1046 994 1190 1040 simul
1224 1009 1379 1055 expu-

351 1074 479 1110 tem:
513 1064 671 1128 judex
695 1066 810 1122 sim,

95 1135 317 1198 Reusque
355 1136 418 1182 ad
458 1152 562 1182 eam
602 1154 718 1183 rem.
760 1139 825 1184 ita
860 1139 1056 1187 faciam!
1092 1140 1158 1186 ita
1191 1139 1375 1202 placet!

347 1225 568 1256 ommum
600 1211 815 1272 primum

95 1281 281 1330 Amoris
302 1294 417 1330 artes
430 1285 626 1344 eloquar
637 1318 652 1342 ‚
671 1285 1092 1345 quemadmodum
1106 1285 1379 1348 expediant.

351 1373 624 1417 numquam

100 1429 251 1476 Amor
269 1446 567 1491 quemquam
580 1432 672 1476 nisi
694 1431 927 1492 cupidum
948 1432 1383 1492 hominempostu-

351 1503 419 1547 lat
438 1519 485 1548 se
506 1503 558 1549 in
575 1504 730 1566 plagas

105 1573 378 1636 Conjicere:
415 1591 493 1620 eos
524 1575 684 1636 cupit,
717 1590 796 1619 eos
823 1585 1147 1631 consectatur,
1181 1574 1385 1623 subdole

360 1645 628 1692 blanditur:
661 1645 722 1692 ab
755 1662 806 1690 re

101 1716 323 1763 Consulit
350 1717 847 1781 blandiloquentulus‚
885 1718 1119 1782 harpago,
1146 1719 1385 1779 mendax,

362 1805 503 1851 cupes
518 1825 531 1848 ,
563 1807 750 1849 avaruS,
1218 1779 1231 1795 ⁸

106 1862 302 1926 Elegans
316 1897 330 1919 ‚
363 1863 647 1924 despoliator
667 1901 681 1923 ‚
715 1865 1092 1912 latebricolatum
1127 1865 1384 1911 hominum

356 1949 643 2000 conruptor‚
1108 1948 1117 1958 ⁰

106 2007 342 2067 Blandus,
366 2009 526 2071 inops,
544 2010 681 2056 celati
699 2011 958 2076 indagator.
976 2028 1089 2058 nam
1110 2013 1194 2072 qui
1213 2012 1272 2058 ab
1298 2030 1384 2072 eo,

365 2082 503 2142 quod
533 2093 657 2127 amat
674 2116 688 2139 ,

108 2153 273 2222 Quam
313 2156 557 2216 extemplo
593 2156 724 2201 saviis
763 2156 980 2220 sagittatis
1013 2173 1254 2217 percussus
1288 2130 1411 2226 ests!

359 2226 485 2272 illico
514 2243 584 2272 res
615 2227 734 2274 foras
1394 2232 1405 2257 ’
1444 2241 1623 2309 6442(

109 2297 336 2355 Labitur,
370 2297 583 2358 liquitur
618 2297 693 2344 Da
715 2298 834 2344 mihi
862 2300 954 2347 hoc
969 2334 984 2360 ,
1018 2302 1115 2346 mel
1138 2317 1330 2360 meum,
1351 2303 1387 2348 si

360 2389 442 2418 me
471 2389 623 2432 amas,
652 2373 687 2419 si
713 2371 869 2418 audes.

180 2443 266 2488 Vol.
290 2445 380 2490 III.
1081 2443 1119 2489 E
1144 2461 1170 2490 e
