1630 2866
713 53 725 72 Χ

227 194 290 239 M
547 151 1119 221 POENUssus
1389 175 1519 222 ιω

583 294 619 326 Α
657 295 692 327 D
729 293 766 327 V
805 291 837 326 Ο
876 291 903 326 C
938 292 975 327 A
1009 292 1041 326 T
1078 293 1114 326 U
1150 292 1185 327 S.

227 355 399 417 Neque
433 368 518 399 nos
552 352 754 409 hortari,
792 369 952 413 neque
990 353 1226 399 dehortari
1261 352 1400 399 decet·

224 430 491 476 Hominem
530 426 862 490 peregrinum:
903 439 1038 473 tuam
1077 442 1180 473 rem
1215 438 1271 475 tu
1303 444 1406 492 ages
1425 462 1439 485 ,
1472 428 1508 473 si

484 517 614 562 sapis.

229 574 329 620 Nos
352 574 439 619 tibi
466 573 749 634 palumbem
774 571 835 618 ad
856 589 1011 618 aream
1040 588 1191 633 usque
1208 572 1518 619 adduximus:

234 645 378 691 Nunc
410 657 458 690 te
479 646 616 690 illum
645 643 814 688 melius
841 660 1007 706 capere
1024 679 1037 703 ,
1064 645 1100 691 si
1120 655 1315 706 captum
1334 660 1426 690 esse
1441 644 1523 690 vis».

729 738 760 771 L
798 738 831 771 Y
869 740 896 772 C
935 740 970 773 U
1006 738 1045 773 S.

226 789 397 851 Jamne
425 791 532 837 itis?

534 874 1243 910 COLLYBISCUS.

467 931 633 1005 Quid,
673 937 808 997 quod
831 937 966 983 vobis
995 936 1252 994 mandavi,
1286 936 1526 999 hospites?

596 1031 630 1063 A
670 1031 706 1063 D
741 1034 774 1063 v
810 1031 842 1062 o
883 1030 909 1062 c
949 1030 983 1062 A
1020 1030 1051 1062 T
1089 1030 1124 1061 U
1162 1030 1200 1062 s.

238 1093 366 1139 Cum
381 1092 490 1137 illoc
507 1102 556 1137 te
573 1090 741 1135 melius
761 1101 894 1135 tuam
918 1106 1039 1146 rem,
1057 1090 1346 1148 adulescens,
1365 1091 1524 1152 loqui:

233 1166 338 1212 Illic
373 1175 440 1210 est
472 1164 532 1209 ad
560 1163 662 1208 istas
689 1179 758 1207 res
790 1162 970 1223 probus
989 1196 1003 1219 9
1037 1178 1153 1222 quas
1190 1163 1433 1223 quaeritas.
1506 1200 1510 1202 Α

537 1257 1233 1307 COLLYBISCUS.

236 1320 413 1373 ‚Videre
440 1320 670 1380 equidem
693 1336 778 1366 vos
806 1320 1011 1377 vellem,
1037 1335 1191 1379 quom
1221 1320 1334 1367 huic
1361 1336 1529 1368 aurum

503 1394 675 1439 darem.
1132 1444 1136 1447 ¹

597 1480 633 1512 A
670 1480 704 1512 D
741 1478 779 1513 V
815 1479 848 1511 O
888 1479 914 1510 C
954 1478 989 1511 A
1025 1478 1057 1511 T
1094 1478 1129 1511 U
1166 1478 1203 1512 S.

241 1544 377 1589 Illinc
408 1542 581 1604 procul
608 1557 694 1598 nos
725 1540 842 1586 istuc
870 1540 1253 1602 inspectabimus.

536 1625 1234 1659 COLLYBISCUS.

239 1686 424 1735 Bonam
460 1686 652 1731 dedistis
681 1686 798 1732 mihi
825 1702 1032 1746 operam.

727 1768 1044 1802 LthJs.
1502 1793 1509 1797 .

1060 1820 1106 1865 It
1132 1820 1193 1866 ad
1225 1836 1304 1867 me
1328 1822 1530 1869 lucrum.

539 1902 1232 1937 COLLYBISCUS.

242 1964 372 2010 Illud
404 1963 628 2025 quidem,
656 1981 886 2026 quorsum
911 1967 1062 2013 asinus
1089 1968 1245 2014 caedit
1271 1968 1487 2014 calcibus.

736 2058 767 2090 L
804 2058 838 2090 Y
870 2059 896 2091 c
935 2059 970 2091 U
1009 2059 1046 2094 s.

242 2119 424 2165 Blande
458 2118 703 2164 hominem
734 2119 1026 2179 conpellabo.
1059 2121 1226 2184 hospes
1256 2121 1506 2185 hospitem'

245 2192 454 2239 Salutat:
495 2195 674 2239 salvom
704 2203 752 2238 te
776 2193 999 2241 advenire
1027 2197 1224 2260 gaudeo.

544 2277 1252 2315 COLLYBISCUS.

250 2339 405 2386 Multa
430 2339 519 2387 tibi
535 2339 620 2385 Dii
648 2338 766 2388 dent
793 2338 946 2400 bona,
967 2358 1119 2404 quom
1140 2357 1220 2407 me
1244 2341 1423 2388 salvom
1442 2355 1534 2386 esse

499 2426 578 2456 vis.
