1598 2814
71 152 213 214 ιη·
416 150 702 199 ACTUS
735 152 813 198 11.
866 125 1080 202 εε.’ν.
1255 172 1346 217 545

73 262 122 310 Si
146 263 272 310 bene
291 260 441 308 facere
464 260 668 321 incepit,
698 261 796 324 ejus
815 276 918 307 eam
942 261 1035 307 cito
1059 261 1228 308 odium
1244 278 1353 325 pet-

324 335 451 397 cipit.

39 470 43 474 y
74 409 224 457 Nimis
243 427 389 472 quam
406 424 580 470 paucae
602 418 713 453 sunt
740 406 963 466 defessae,
992 409 1117 455 male
1141 425 1262 471 quae
1284 409 1354 456 fa-

331 496 435 528 cere
456 490 742 542 occeperunt
760 500 769 524 :

75 557 227 604 Nimis
254 572 400 616 quam
423 570 599 616 paucae
624 552 858 610 efficiunt,
887 553 923 598 si
947 552 1068 613 quid
1088 554 1356 615 occeperint

334 626 620 672 benefacere.

78 701 266 747 Mulieri
293 700 441 746 nimio
464 698 735 747 malefacere
753 700 919 744 melius
944 710 1011 744 est
1034 715 1154 745 onus
1170 734 1184 758 ,
1205 716 1352 761 quam

156 820 183 845 ⁸
335 773 473 819 bene.

80 846 182 910 Ego
198 880 211 902 ,
230 845 366 906 quod
383 845 503 889 mala
518 861 653 900 sum,
672 843 829 889 matris
847 860 989 906 opera
1010 845 1132 890 mala
1146 861 1277 904 sum,
1305 857 1355 894 et

334 928 521 976 meapte
554 915 730 960 malitia
744 950 758 972 ‚

84 988 225 1057 Quae
256 1005 335 1034 me
366 988 603 1054 gravidam
632 1004 725 1033 esse
752 956 1012 1036 assimulavi
1040 989 1181 1035 militi
1201 989 1358 1053 Baby-

335 1062 483 1107 Ionio.

85 1133 203 1181 Eam
245 1149 377 1180 nunc
417 1134 644 1180 malitiam
684 1146 943 1181 accuratam
975 1137 1110 1183 miles
1152 1138 1363 1185 inveniat

334 1207 459 1252 volo

84 1282 177 1327 Iste
190 1281 270 1345 >hic
285 1280 415 1326 haud
432 1280 587 1326 multo
604 1292 712 1342 post
733 1282 873 1328 credo
891 1282 1063 1329 aderit:
1085 1299 1215 1330 nunc
1232 1286 1363 1347 prius

338 1370 592 1414 praecaveo
622 1370 789 1400 selens:

87 1427 312 1487 Eumque
340 1442 449 1489 gero
469 1438 719 1484 ornatum,
750 1439 806 1473 ut
832 1429 1049 1492 gravida,
1075 1432 1207 1490 quasi
1223 1427 1367 1493 puer-

342 1499 471 1559 pexao
501 1499 689 1544 cubem.

91 1571 216 1617 Date
238 1571 358 1615 mihi
376 1570 468 1614 huc
491 1581 681 1616 stactam
705 1581 850 1631 atque
871 1571 1028 1634 ignem
1054 1572 1104 1617 in
1132 1590 1258 1618 aram
1273 1607 1288 1631 ,
1311 1587 1367 1622 ut

346 1659 570 1689 venerem
590 1643 821 1688 Lucinam
843 1661 1013 1690 meam.

91 1716 184 1764 Hic
202 1717 457 1779 apponite,
486 1727 632 1777 atque
661 1717 788 1763 abite
817 1717 877 1763 ab
906 1719 1064 1764 oculis.
1098 1719 1190 1765 eho
1211 1719 1370 1766 Pithe-

350 1792 477 1837 cium
494 1826 509 1848 ‚

91 1865 210 1910 Face
244 1875 301 1910 ut
334 1864 640 1911 accumbam:
677 1865 859 1912 accede.
896 1865 1105 1930 adjutare
1138 1867 1200 1911 sic
1231 1865 1369 1912 decet

349 1953 642 1998 puerperam.
755 1950 758 1952 ·

98 2009 252 2057 Soleas
282 2010 400 2055 mihi
418 2011 561 2062 duce3
588 2013 824 2072 pallium
813 2015 952 2078 mjice
975 2014 1025 2058 in
1052 2029 1130 2058 me
1148 2012 1270 2070 huc,
1287 2012 1373 2061 Ar·-
1445 2020 1456 2032 ‘

356 2084 497 2128 chilis.
530 2084 619 2128 ubi
646 2101 720 2140 es,

97 2156 409 2218 Astaphium?
439 2155 509 2201 fer
526 2156 620 2201 huc
641 2157 897 2204 verbenam
918 2158 1061 2215 mihi,
1078 2158 1187 2204 thus
1204 2168 1252 2203 et
1267 2157 1373 2204 bel-

354 2229 474 2274 laria.

101 2302 224 2353 Date
242 2319 416 2364 aquam
433 2301 663 2348 manibus.
682 2318 811 2351 nunc
825 2315 1000 2352 ecastor
1017 2316 1072 2351 ut
1085 2304 1268 2351 veniret
1280 2304 1374 2350 Mi-

360 2373 425 2418 les
450 2372 610 2421 velim.

174 2452 261 2500 Vol.
298 2452 388 2496 III.
1062 2450 1116 2496 M
1131 2469 1185 2506 m
