1630 2866
236 167 305 218 32,
586 158 1153 210 POENULUS.
1387 180 1514 228 ης

654 281 699 315 Μ
733 281 755 313 1
794 280 824 313 Ι,
858 279 890 313 P
924 276 959 312 n
993 281 1014 314 1
1051 282 1101 315 o.

774 341 856 386 Tu
890 341 975 400 qui
1007 357 1175 413 {onam
1206 357 1306 388 non
1345 343 1520 403 habes5

239 419 378 490 Quid
397 418 448 465 in
468 416 586 462 hanc
604 414 790 463 venistis
813 415 1006 472 urbem,
1030 425 1114 461 aut
1130 415 1249 476 quid
1266 418 1481 478 quaeritis
1493 418 1516 464 Ξ)

722 515 758 550 H
795 516 830 550 A
866 517 899 550 N
936 518 969 552 N
1009 517 1057 551 Ο.

235 572 484 638 Illuplzursa.

497 650 1286 687 AGORASTOCLES.

496 713 634 783 Quid
664 711 765 758 ait?

730 807 765 842 H
801 806 835 840 A
873 806 906 838 N
943 803 978 837 N
1015 802 1060 836 0.

771 866 1135 915 Mivulechianna.

490 948 1268 1004 A‘Goion‘rocLEs.
1523 1002 1527 1006 ,

1184 1024 1322 1093 Quid
1351 1023 1514 1074 venit?

650 1103 693 1136 M
729 1103 748 1135 1
784 1103 815 1135 L
853 1103 881 1135 P
918 1101 952 1134 H
988 1101 1011 1133 I.
1045 1101 1093 1134 Ο.

238 1178 353 1224 Non
384 1173 551 1221 audis?
584 1190 739 1220 mures
767 1171 1006 1218 Africanos
1038 1170 1276 1232 praedicat

237 1253 296 1297 In
326 1265 558 1313 pompam
584 1246 709 1292 ludis
742 1245 849 1291 dare
881 1261 927 1290 se
959 1243 1082 1290 velle
1109 1243 1353 1291 aedilibus..
1411 1267 1414 1270 ·

728 1343 765 1375 H
793 1343 828 1375 A
862 1343 900 1375 N
930 1343 967 1376 N
1000 1342 1044 1376 o.

238 1407 379 1456 Laeclz
413 1406 684 1452 lachananim
715 1404 807 1449 limi
836 1403 991 1449 nichot.

490 1496 1278 1538 A'GORASTOGLBS.

1057 1559 1200 1631 Quid·
1221 1560 1351 1607 nunc
1383 1559 1538 1608 ait1?”

655 1655 699 1688 M
733 1655 754 1687 1
790 1655 820 1687 1.
857 1654 886 1687 Ρ
921 1653 956 1686 Η
989 1653 1018 1686 r
1048 1636 1099 1686 ὁὶ
1226 1695 1232 1698 ‚
1299 1635 1305 1642 “

238 1719 421 1781 Ligulas
451 1718 616 1763 canalis
641 1717 706 1762 ait
737 1733 783 1761 se
812 1714 1050 1760 advexisse
1079 1725 1127 1762 et
1152 1728 1315 1759 nuces:

236 1791 377 1837 Nunc
424 1800 525 1835 orat
542 1823 556 1846 ,
585 1804 779 1849 operasn
801 1797 857 1831 ut
881 1786 961 1831 des
987 1785 1100 1842 sibi,
1130 1795 1187 1830 ut
1218 1801 1271 1831 ea
1298 1798 1511 1835 veneant.

494 1868 1281 1923 AGORAS'TOCLES.

236 1953 467 2003 Mercator
492 1948 635 1996 credo
667 1958 744 1992 est.

706 2037 741 2070 H
776 2036 811 2069 A
845 2037 878 2069 N
914 2038 950 2070 Ν
990 2036 1038 2070 Ο.

770 2097 889 2142 Isam
922 2098 1132 2142 aruinam.

486 2193 523 2227 A
562 2193 595 2227 G
632 2193 663 2227 O
699 2193 734 2227 R
770 2192 805 2224 A
841 2191 864 2225 S
901 2193 933 2226 Τ
971 2194 1003 2226 0
1040 2194 1067 2226 C
1101 2194 1133 2227 1.
1168 2194 1198 2228 E
1233 2193 1270 2227 S.

584 2261 586 2263 ’
861 2308 863 2310 ,
926 2307 930 2310 ,
1179 2253 1312 2322 Quid
1341 2247 1443 2299 est?

722 2331 758 2365 H
792 2331 827 2365 A
863 2331 897 2366 N
933 2330 966 2364 N
1001 2332 1047 2365 Ο.
1310 2335 1313 2338 “
1348 2337 1349 2340 ’

234 2393 392 2440 Palum
425 2410 529 2455 erga
563 2392 725 2438 deotha.
1020 2411 1023 2414 ·
