1630 2866
258 362 1245 414 ‚ARGUMENTUM

472 506 572 569 (Ut
603 505 892 567 quibusdam
917 505 1141 568 videtur)

557 641 588 682 P
615 640 655 682 R
679 639 700 681 Ι
724 640 752 681 S
779 639 816 681 C
840 639 861 681 1
886 639 928 681 A
952 639 992 681 N
1017 639 1051 681 Ῑ.

231 768 371 815 PUE
388 778 423 815 R
457 768 698 832 septuennis
729 767 965 832 subripitur
998 764 1275 829 Carthagine.

171 842 281 889 osor
300 842 527 888 mulierum
561 840 739 904 adoptat
769 839 881 885 hunc
910 851 1067 885 emtum
1099 857 1263 890 senex,

164 913 226 962 Et
245 912 371 977 facit
398 911 600 958 heredem.
626 913 717 977 ejus
738 913 867 975 pueri
894 923 1103 972 cognatae
1133 912 1272 962 duae.

165 985 415 1048 Nutrixque
441 999 588 1030 earum
620 994 783 1047 raptae.
817 994 1034 1028 mercatur
1056 982 1224 1046 Lycus,

171 1057 388 1121 Vexatque
419 1067 645 1102 amantem.
690 1067 740 1101 at
767 1055 840 1102 ille
871 1072 967 1103 cum
998 1072 1103 1110 auro
1128 1058 1323 1104 villicum

167 1129 330 1175 Lenoni
359 1128 573 1174 obtrudit:
614 1130 679 1174 ita
713 1145 807 1174 eum
821 1127 954 1192 furto
983 1128 1156 1190 alligat.

174 1204 296 1251 Venit
318 1201 480 1248 Hanno
507 1201 701 1250 Poenus,
729 1215 916 1264 gnatum
945 1202 1056 1248 hunc
1065 1201 1237 1266 fratris
1264 1207 1448 1270 reperitq·

169 1275 360 1338 Suasque
388 1276 606 1336 agnoscit,
636 1292 749 1342 quas
761 1274 1039 1339 perdiderat,
1052 1274 1196 1338 filias.

235 1427 564 1475 ALIUD
638 1403 1400 1477 ARGUMENTUM'

536 1556 1076 1599 CAMERARII.

236 1681 276 1726 A
301 1679 438 1726 Poeno
474 1678 690 1726 Poenulus
723 1692 786 1725 est
809 1679 968 1744 forma
998 1679 1304 1726 diminutionis.
1341 1679 1452 1726 Poe*

173 1771 255 1800 nus
285 1766 427 1800 autem
458 1748 606 1812 Φοῖνιξ.
645 1753 700 1799 In
727 1753 910 1815 Prologo
941 1765 997 1813 et-
1007 1754 1207 1798 Patruus
1240 1764 1457 1799 memora-⁴

133 1847 136 1849 ·
177 1836 262 1870 tur.
289 1826 582 1890 namPoenus
609 1826 710 1874 ille,
736 1827 810 1887 qui
834 1824 1147 1872 introducitur,
1175 1837 1363 1888 patruus
1392 1836 1455 1870 est

177 1896 482 1947 adolescentis,
527 1902 649 1966 cujus
685 1909 788 1945 sunt
819 1900 989 1962 primae
1022 1909 1172 1962 partes
1207 1899 1252 1943 in
1276 1898 1455 1961 fabula.

174 1984 244 2014 res
275 1979 416 2014 autem
452 1971 675 2034 exposita.
718 1969 821 2014 talis
864 1981 939 2013 est.
988 1967 1179 2042 Quidam
1217 1969 1458 2015 adolescens

182 2035 549 2098 Carthaginiensis
563 2040 731 2104 furtim
750 2040 990 2104 subreptus,
1015 2040 1211 2086 avehitur
1244 2038 1459 2103 Calydona

178 2111 224 2156 in
241 2109 489 2159 Aetoliam,
537 2124 579 2157 et
610 2114 669 2158 ibi
699 2113 897 2160 venditur
922 2115 1014 2158 seni
1042 2115 1135 2158 civi.
1170 2112 1239 2157 hic
1280 2113 1460 2176 adopta-

179 2185 246 2231 vit
271 2183 418 2233 illum,
448 2195 491 2229 et
506 2186 688 2230 moriens
705 2187 878 2248 reliquit
909 2186 1111 2231 heredem.
1144 2186 1332 2230 Amabat
1361 2186 1460 2230 ado-

181 2256 339 2303 lescens
354 2257 548 2321 puellam
563 2258 813 2323 popularem
833 2269 874 2302 et
901 2269 1128 2317 cognatam
1143 2276 1156 2300 :
1179 2260 1333 2320 patrui
1349 2261 1460 2303 enim

180 2347 232 2378 ea
252 2331 359 2394 filia
403 2343 526 2381 erat,
563 2331 676 2395 quod
715 2334 801 2396 ipse
835 2330 1056 2376 nesciebat.
1094 2347 1194 2376 nam
1220 2331 1456 2394 praedones

120 2438 146 2475 *.
183 2405 279 2450 ruri
316 2404 591 2468 deprehensas
629 2405 736 2453 duas
768 2404 979 2475 parvulas
999 2403 1130 2468 filias
1164 2402 1321 2467 hujus.
1372 2419 1459 2453 una

258 2473 344 2523 Vol.
370 2475 462 2523 111.
493 2472 498 2488 '
1132 2473 1174 2520 A
1201 2489 1227 2524 2
