1630 2866
231 180 328 240 '158
547 177 1193 228 PSEUDOLUS.
1357 198 1519 246 v.159

594 298 621 330 c
657 297 692 330 A
727 298 758 331 L
795 298 815 331 1
850 299 886 332 D
923 298 956 332 o
991 300 1027 334 R
1062 299 1097 333 u
1135 299 1174 334 s.

227 361 337 423 jam
367 360 442 405 hic
470 358 581 405 faxo
614 359 778 405 aderit.

595 447 623 480 P
659 446 682 480 s
717 447 747 480 Ε
783 447 820 481 U
855 448 891 481 D
932 447 965 481 ο
998 447 1034 481 1.
1068 447 1105 482 U
1140 448 1182 483 s.

423 508 579 555 Potin’
604 518 660 554 ut
688 508 858 555 abeas?
894 508 981 555 tibi
1010 525 1197 557 moram
1225 509 1362 558 dictis
1389 527 1522 561 creas.

630 697 964 750 SCENA
1035 674 1212 750 IVJ

593 849 1200 886 PSEUDOLUS.

232 900 370 1016 Po
387 981 600 1032 STQUA
618 985 661 1017 M
694 971 791 1018 illic
821 972 930 1017 hinc
960 971 1108 1029 abiit,
1141 981 1199 1017 tu
1227 980 1339 1017 astas
1368 971 1526 1030 solus,

355 1054 357 1056 ’
490 1043 736 1088 Pseudole.
1181 1059 1191 1070 ·

240 1117 380 1186 Quid
407 1132 538 1162 nunc
567 1127 782 1173 acturu5‚
817 1126 1076 1177 postquam
1108 1116 1243 1163 herili
1274 1117 1375 1163 filio

235 1188 450 1254 Largitus
481 1188 615 1236 dictis
655 1189 873 1252 dapsilis?
907 1190 993 1236 ubi
1017 1201 1129 1237 sunt
1166 1191 1252 1238 ea?

237 1263 375 1332 Quoi
406 1279 568 1323 neque
595 1273 754 1324 parata
783 1273 918 1327 gutta
943 1265 1056 1310 certi
1082 1263 1276 1322 consili,

236 1335 411 1397 Neque
429 1336 548 1382 adeo
563 1335 763 1400 argenti:
786 1351 947 1397 neque
961 1352 1092 1383 nunc
1107 1337 1228 1398 quid
1237 1337 1401 1384 faciam
1413 1339 1524 1396 scio,

235 1407 409 1469 Neque
429 1409 636 1454 exordiri
655 1409 892 1469 primurn,
916 1408 1049 1455 unde
1070 1410 1268 1472 occipias
1283 1444 1298 1468 ‚
1320 1410 1489 1468 habeS,

235 1483 411 1544 Neque
440 1484 501 1529 ad
537 1483 869 1530 detexundam
895 1484 1040 1529 telam
1070 1494 1220 1531 certos
1248 1485 1488 1531 terminos.

232 1551 333 1602 'Sed
365 1556 494 1617 quasi
521 1556 667 1601 Poeta
699 1555 879 1602 tabulas
916 1572 1070 1617 quom
1099 1559 1226 1619 cepit
1253 1557 1371 1616 sibi,

236 1629 440 1700 Quaerit
471 1628 609 1690 quod
638 1643 876 1690 nusquam
899 1620 968 1675 est
994 1622 1238 1694 gentium,
1260 1631 1438 1692 reperit
1455 1640 1526 1678 ta·

489 1717 633 1759 men,
728 1716 731 1718 ’

236 1774 367 1821 Facit
395 1774 519 1818 illud
540 1774 803 1820 verisimile
821 1808 834 1831 ,
862 1774 1004 1835 quod
1032 1772 1342 1820 mendacium
1359 1773 1437 1819 ’stz
1513 1787 1515 1792 ’

236 1846 380 1893 Nunc
417 1862 502 1909 ego
531 1846 676 1891 Po‘eta
708 1846 818 1891 fiam
837 1879 850 1903 ,
880 1847 1048 1910 viginti
1077 1847 1232 1892 minae

237 1917 379 1989 Quae
411 1932 650 1979 nusquam
682 1934 817 1964 nunc
851 1929 960 1964 sunt
993 1921 1209 1984 gentium
1227 1954 1243 1978 ,
1285 1919 1525 1967 inveniam

493 2004 666 2039 tamen.

236 2067 401 2129 Atque
415 2084 502 2131 ego
513 2067 623 2113 huic
629 2068 729 2131 jam
745 2068 935 2129 pridem
948 2085 1027 2115 me
1041 2068 1268 2115 daturum
1287 2068 1519 2125 dixeram,

237 2141 308 2188 Ac
336 2142 467 2188 volui
499 2142 688 2207 injicere
718 2145 950 2208 tragulam
975 2146 1025 2189 in
1052 2155 1271 2190 nostrum
1298 2158 1485 2189 senem:

238 2216 421 2264 Verum
447 2216 481 2261 is
498 2251 511 2274 ,
542 2215 700 2261 nescio
730 2232 828 2276 quo
859 2227 997 2277 pacto
1017 2251 1029 2273 ,
1064 2214 1315 2278 praesensit
1343 2212 1485 2274 prius.

240 2287 335 2335 Sed
366 2287 706 2349 conprimenda
739 2298 806 2333 est
841 2289 960 2334 mihi
986 2303 1085 2336 vox
1117 2299 1261 2349 atque
1292 2286 1455 2332 oratio.

240 2358 427 2407 Herum
461 2376 627 2406 eccum
660 2360 804 2407 video
830 2362 924 2408 huc
951 2377 1046 2408 una
1071 2359 1317 2407 Simonem
1345 2358 1486 2406 simul

242 2432 367 2479 Cum
395 2451 479 2480 suo
510 2434 669 2482 vicino
701 2435 980 2496 Calliphone
1003 2434 1237 2482 incedere.
