1630 2866
87 157 247 205 v.119
394 139 684 187 ACTUS
737 140 773 186 1.
823 139 928 187 SC.
980 142 1058 188 11.
1270 159 1363 206 429

87 249 228 296 Nunc
241 249 278 294 si
295 249 373 294 ille
388 248 482 294 huc
496 250 645 294 salvus
660 249 841 294 revenit
852 283 866 306 ‚
886 248 1082 295 reddam
1100 265 1237 295 suum
1260 250 1361 297 sibi.

86 321 135 368 Si
167 321 288 382 quid
319 338 375 366 eo
412 320 553 366 fuerit
568 357 581 378 ,
617 332 745 367 certo
780 322 902 367 illius
933 321 1081 379 filiae,

85 394 226 463 Quae
242 394 359 438 mihi
378 394 598 438 mandata
614 405 680 439 est
692 428 705 450 ‚
726 394 879 439 habeo
900 394 1064 440 dotem
1080 396 1208 442 unde
1226 396 1362 455 dem,

86 465 151 513 Ut
173 483 277 513 eam
306 468 356 512 in
382 483 429 511 se
459 467 650 530 dignam
677 467 1005 514 conditionem
1034 471 1295 516 conlocem.

369 542 1102 597 MEGAR'ONIDES.

84 620 175 667 Pro
201 621 280 667 Dii
306 623 598 668 inmortales!
630 622 785 668 verbis
818 623 976 683 paucis
1005 639 1151 683 quam
1184 623 1279 669 cito

83 694 248 740 Alium
279 693 426 740 fecisti
457 696 557 740 me!
593 695 705 740 alius
732 695 792 740 ad
825 706 871 740 te
893 711 1130 741 veneram.

83 763 178 811 Sed
208 776 264 811 ut
290 766 542 827 occepisti,
575 782 718 830 perge
746 782 891 827 porro
923 767 1163 828 proloqui.

443 859 470 891 c
507 858 541 891 A
575 860 606 892 Ι,
642 859 672 892 L
710 860 732 892 1
767 860 794 892 c
829 861 859 893 L
892 860 931 912 E>
966 860 1002 894 s.

83 919 221 988 Quid
249 919 336 966 tibi
371 935 459 983 ego
486 920 675 966 dicam?
704 921 791 981 qui
814 921 936 967 illius
965 922 1240 983 sapientiam

82 993 145 1038 Et
168 1009 324 1038 meam
357 993 660 1050 fidelitatem,
693 1004 742 1038 et
770 995 917 1039 celata
944 995 1103 1040 omnia

81 1063 232 1110 Paene
261 1063 340 1108 ille
376 1063 567 1127 ignavos
598 1063 813 1110 funditus
837 1081 1027 1126 pessum
1057 1065 1201 1111 dedit.

373 1154 1093 1189 MEGARONIDES.

78 1207 339 1278 Quidum?

435 1287 463 1320 C
499 1287 533 1319 A
569 1287 600 1320 L
638 1287 668 1320 L
699 1287 720 1319 1
758 1287 786 1319 C
821 1288 852 1321 L
886 1288 917 1320 E
953 1287 992 1321 S.

342 1347 469 1415 Quia
492 1363 598 1391 rure
617 1346 736 1392 dum
752 1363 859 1392 sum
876 1363 965 1411 ego
985 1364 1104 1393 unos
1124 1364 1206 1395 sex
1229 1349 1325 1397 dies
1340 1384 1356 1409 ,

79 1417 163 1463 Me
178 1418 368 1473 absente
385 1429 534 1477 atque
555 1418 778 1463 insciente
795 1420 1103 1475 ‚inconsultu
1128 1439 1238 1468 meo
1251 1457 1268 1481 ,

81 1487 223 1533 Aedis
249 1490 436 1534 venales
466 1489 600 1533 hasce
634 1489 844 1535 inscribit
870 1491 1023 1536 literis.

370 1572 1098 1609 MEGARONIDES.

83 1630 352 1678 Adesurivit
379 1633 523 1696 magis
538 1627 570 1689 ,’
594 1643 641 1678 et
668 1633 865 1679 inhiavit
891 1635 1037 1681 acrius

82 1704 262 1766 Lupus,
294 1703 588 1762 observavit,
617 1705 736 1751 dum
770 1705 1079 1755 dormitarent
1106 1726 1239 1772 canes
1255 1746 1271 1770 ‚

86 1776 289 1840 Gregem
321 1777 592 1824 universum
620 1779 772 1826 voluit
798 1791 961 1826 totum
992 1794 1217 1831 avortere.

440 1861 467 1892 c
504 1861 539 1894 A
571 1861 603 1894 Ι,
639 1861 670 1894 1.
702 1862 723 1894 1
758 1862 786 1894 c
820 1861 851 1895 L
886 1863 917 1896 Ε
951 1862 990 1896 s.

82 1920 277 1967 Fecisset
309 1921 509 1982 edepol,
539 1923 591 1967 ni
618 1923 731 1969 haec
759 1925 1073 1984 praesensisset
1103 1942 1250 1973 canes-

83 1991 178 2039 Sed
210 2008 339 2040 nunc
370 2009 531 2057 rogare
562 2009 650 2058 ego
681 1996 886 2042 vicissim>
909 2009 959 2043 te
986 2000 1099 2044 volo
1114 2033 1129 2056 ‚

85 2067 223 2136 Quid
247 2066 337 2112 fuit
364 2067 571 2115 officium
598 2084 764 2116 meum
782 2087 861 2116 me
889 2070 1059 2128 facere,
1083 2071 1181 2118 face
1200 2075 1351 2121 sciam.

83 2142 257 2189 Utrum
282 2142 488 2187 indicare
516 2159 596 2188 me
620 2146 663 2191 ei
683 2147 954 2195 thesaurum
977 2163 1183 2208 aequom
1202 2146 1317 2203 fuit,

82 2213 353 2262 Advorsum
375 2230 521 2275 quam
544 2216 641 2279 ejus
668 2234 747 2263 me
774 2219 1095 2267 obsecravisset
1122 2230 1285 2278 pater;

84 2285 162 2333 An
198 2305 282 2354 ego
323 2288 469 2334 anum
498 2287 752 2337 dominum
784 2303 966 2354 paterer
998 2291 1098 2338 fieri
1122 2291 1246 2336 hisce
1275 2305 1352 2336 ae·-

335 2361 508 2407 dibus?
