1598 2814
91 169 219 218 v.18
350 163 638 212 ACTUS
692 164 769 209 ΙΙ.
825 161 938 209 SC.
988 162 1088 209 IV.
1268 172 1363 224 537

93 277 240 324 Illum
258 275 439 322 inhiant
458 290 642 320 omnes:
668 274 734 319 illi
753 283 828 319 est—
841 271 1022 318 animus
1042 270 1279 317 omnibus.

93 349 175 396 Me
192 365 335 395 nemo
353 348 497 411 magis
512 346 723 408 respiciet
737 380 752 403 ,
778 345 864 391 ubi
882 345 966 390 iste
984 345 1078 390 huc
1100 345 1308 400 venerit,
1331 398 1334 401 ι

95 419 259 488 Quam
276 419 312 465 si
332 419 444 464 hinc
466 418 696 465 ducentos
719 434 865 466 annos
882 418 1053 465 fuerim
1070 431 1297 464 mortuus.

94 491 160 538 Ut
175 493 240 537 rei
259 490 425 538 servire
445 507 584 536 suave
608 492 695 537 est!
719 508 805 538 vae
827 491 996 537 misero
1015 492 1153 538 mihi!

75 562 205 622 ‘Post
225 562 402 609 factum
417 564 598 624 plector
613 597 626 619 ‚
653 563 764 622 quia
789 574 899 610 ante
914 589 936 598 -
952 574 1138 624 partum
1159 561 1363 623 perdidi.

95 636 278 683 Verum
301 653 431 683 nunc
448 637 484 682 si
502 654 596 698 qua
613 637 730 682 mihi
753 636 974 700 obtigerit
992 636 1226 682 'hereditas

95 710 267 773 Magna
283 720 429 771 atque
448 710 690 755 luculenta
701 743 715 765 ,
734 725 865 754 nunc
881 743 894 765 ,
917 719 1173 769 postquam
1190 707 1284 754 scio
1300 740 1316 764 ‚

42 792 44 794 ’
96 781 251 828 Dulce
267 793 410 842 atque
427 799 637 828 amarum
661 781 780 842 quid
797 783 854 827 sit
877 797 937 826 ex
957 781 1159 842 pecunia
1170 815 1185 837 ‚

95 854 169 900 Ita
186 870 271 919 ego
296 853 424 904 illam
452 854 623 916 edepol
644 871 823 902 servem
838 889 853 912 ‚
883 855 1045 915 itaque
1071 870 1207 916 parce
1232 852 1368 900 victi-

351 938 451 972 tem
470 960 485 985 ,

98 999 164 1047 Ut
181 1001 311 1046 nulla
331 999 475 1046 faxim
508 1001 569 1046 cis
596 1000 693 1045 dies
721 988 896 1061 paucos
926 1000 1020 1059 siet.

95 1072 198 1136 Ego
217 1072 346 1128 istos,
369 1072 456 1132 qui
479 1087 609 1118 nunc
628 1088 707 1117 me
726 1073 942 1133 culpant,
964 1069 1318 1117 confutaverim.

97 1144 192 1191 Sed
212 1155 279 1191 est
294 1145 420 1191 vocis
437 1155 516 1190 sat.
544 1144 692 1190 sentio
713 1145 878 1205 apetiri
902 1143 1048 1201 fores,

96 1218 234 1288 Quae
257 1217 512 1264 obsorbent
534 1216 776 1279 quidquid
794 1208 924 1263 venit
945 1217 1066 1263 intra
1081 1217 1299 1278 pessulos.

873 1306 894 1327 Q

429 1364 829 1412 SCENA
913 1364 1024 1410 IV.

128 1489 747 1550 NHRONESIUM,
795 1490 1367 1530 DINARCHUS.'

413 1616 1072 1654 PHRONESIUM.

95 1666 286 1780 NUM
309 1732 396 1779 tibi
413 1749 548 1791 nam,
567 1732 736 1780 amabo
748 1768 762 1792 ,
773 1735 918 1799 janua
937 1748 1004 1783 est
1021 1738 1221 1784 mordax
1237 1756 1368 1798 mea,

99 1804 216 1874 Quo
237 1804 429 1852 introire
447 1818 651 1864 metuas,
675 1824 781 1853 mea
795 1809 1042 1871 voluptas?

450 1893 486 1924 D
522 1893 543 1925 1
578 1894 611 1927 N
648 1893 685 1927 A
719 1896 754 1928 R
788 1895 815 1927 c
849 1895 885 1927 Η
921 1895 956 1927 U
994 1895 1030 1928 s.

728 1946 729 1949 ’
1050 1947 1317 2001 Vervidez'

102 2012 166 2059 Ut
191 2025 292 2060 tota
307 2014 474 2063 floret!
507 2030 562 2064 ut
590 2021 713 2065 olet!
743 2031 799 2066 ut
828 2022 981 2068 nitide
1012 2023 1157 2068 nitet!

415 2103 443 2135 P
483 2103 516 2135 H
552 2106 585 2137 R
623 2105 655 2137 o
694 2106 726 2138 N
760 2107 790 2139 Ε
828 2107 849 2140 s
885 2108 907 2139 1
944 2107 979 2140 U
1015 2109 1072 2141 M.

98 2159 200 2228 Qui
218 2169 315 2204 tam
331 2160 542 2206 inficetus
558 2162 742 2208 Lemno
761 2165 1014 2211 adveniens
1031 2200 1044 2222 ‚
1074 2167 1157 2228 qui
1179 2178 1286 2214 tuae

16 2244 20 2250 ’
98 2229 209 2277 Non
230 2231 309 2277 des
332 2233 529 2290 amicae,
561 2234 824 2292 Dinarche,
855 2238 1068 2282 savium?

449 2321 485 2353 D
521 2321 541 2352 1
579 2322 613 2354 N
650 2322 684 2354 A
719 2324 752 2356 R
789 2324 815 2356 c
854 2323 888 2356 Η
924 2324 959 2356 U
987 2301 1038 2358 s,

99 2373 226 2422 Vah!
249 2380 421 2439 vapulo
444 2380 598 2427 hercle
613 2397 700 2446 ego
716 2398 844 2430 nunc
861 2418 876 2442 ‚
897 2396 1042 2447 atque
1060 2385 1178 2434 adeo
1194 2388 1330 2435 male.
