1630 2866
234 187 331 236 176
542 175 1186 226 PSEUDOLUS.
1423 187 1522 234 v.7

232 287 397 333 Fretus
422 285 597 332 virtute
628 285 814 342 dicam,
846 302 954 331 mea
981 286 1207 333 industria
1237 295 1286 333 et
1315 269 1519 346 malitia,

488 362 806 409 fraudulentia
819 394 835 418 ,

231 443 386 492 Facile
420 453 475 487 ut
503 442 691 488 vincam
709 476 724 500 ,
768 442 901 489 facile
927 454 983 488 ut
1017 442 1219 505 spoliem
1254 460 1388 490 meos
1415 459 1524 505 per-

489 523 658 569 duellis
689 523 805 569 meis
835 522 1055 584 perfidiis.
1080 552 1085 555 -

232 600 375 646 Nunc
407 600 659 647 inimicum
682 617 779 665 >ego
809 596 940 647 hunc
973 616 1311 658 communem,
1350 616 1518 646 meum

487 689 633 739 atque
676 689 891 725 vostrum
922 679 1142 725 omnium

235 757 525 815 Ballionem,
551 759 857 805 exballistabo
878 759 1049 821 lepide.
1073 758 1178 811 date
1198 774 1394 820 operam
1422 771 1528 802 mo-

493 835 570 881 do.
601 835 694 882 hoc
724 852 811 901 ego
843 836 1083 898 oppidum

235 912 560 981 Admoenire',
597 925 654 960 ut
684 915 776 960 hoc
808 913 885 959 die
923 913 1165 975 capiatur,
1199 913 1342 960 volo:
1384 921 1531 973 atque

489 993 551 1037 ad
580 993 672 1037 hoc
700 1009 826 1038 meas
860 992 1072 1055 legiones

236 1067 503 1115 Adducam.
550 1068 585 1112 si
618 1068 712 1112 hoc
753 1083 978 1130 expugno
998 1102 1012 1124 ,
1055 1066 1241 1112 facilem
1277 1082 1367 1129 ego
1403 1065 1527 1111 hanc

494 1158 596 1186 rem
626 1140 742 1186 meis
774 1140 956 1186 civibus
984 1139 1163 1185 faciam.

236 1222 345 1267 Post
379 1219 440 1265 ad
479 1219 718 1281 oppidum
752 1220 846 1265 hoc
883 1231 1017 1265 vetus
1055 1219 1290 1266 continuo
1327 1234 1525 1266 mecum

500 1300 763 1345 exercitum
791 1300 1011 1360 protinus
1038 1298 1306 1353 obducam:

220 1372 359 1428 'Inde
384 1396 463 1426 me
500 1390 548 1425 et
572 1379 712 1424 simul
742 1379 992 1440 participes
1017 1377 1170 1423 omnis
1194 1392 1326 1423 meos
1351 1374 1525 1438 praeda

495 1456 737 1513 onerabo,
770 1468 916 1517 atque
945 1455 1180 1517 opplebo:

236 1535 428 1582 Metum
458 1545 505 1579 et
528 1533 691 1598 fugam
710 1534 1039 1595 perduellibus
1067 1533 1182 1579 meis
1199 1532 1432 1598 injiciam,
1448 1545 1531 1577 me

500 1629 593 1658 esse
622 1623 678 1658 ut
707 1613 853 1659 sciant
878 1624 1076 1669 natum,

240 1692 357 1760 Quo
384 1707 489 1736 sum
518 1707 687 1754 genere
720 1702 896 1754 gnatus.
920 1705 1088 1753 magna
1118 1703 1199 1734 me
1220 1686 1421 1732 facinora
1439 1685 1525 1741 dee

500 1779 576 1813 cet
604 1769 784 1813 efficere
800 1803 814 1823 ‚

240 1847 380 1917 Quae
409 1858 518 1908 post
540 1847 658 1892 mihi
685 1846 826 1902 clara,
858 1855 906 1890 et
935 1843 1020 1890 diu
1052 1844 1255 1889 clueant.
1283 1842 1367 1888 sed
1394 1842 1526 1890 hunc

497 1941 643 1985 quem
671 1923 815 1969 video
835 1957 848 1979 ,
885 1922 991 1983 quis
1019 1921 1094 1967 hic
1125 1933 1220 1980 est,

241 2005 344 2074 Qui
385 2004 530 2050 oculis
566 2002 682 2048 meis
729 2002 922 2048 obviam
958 2001 1229 2067 ignorabilis
1265 1999 1528 2067 objicitur?

499 2082 617 2128 libet
650 2080 763 2127 scire

242 2161 380 2231 Quid
408 2162 485 2207 hic
511 2161 627 2206 velit
645 2194 659 2217 ‚
687 2175 799 2205 cum
823 2158 1094 2205 machaera:
1134 2170 1181 2204 et
1210 2157 1521 2215 huic,-quam

495 2254 601 2285 rem
623 2248 758 2302 agat,
791 2235 904 2283 hinc
933 2234 1058 2282 dabo
1085 2233 1279 2281 insidias.
