1630 2866
82 169 221 224 ’.σε
367 164 654 215 ACTUS
700 164 824 212 111.
874 162 982 211 sc.
1030 163 1110 210 11.
1304 173 1370 225 ‘45

440 288 475 320 A
512 289 548 320 D
586 289 622 322 V
661 288 693 320 ο
737 287 764 319 c
802 286 838 319 A
873 284 906 320 ⁰1·
940 287 977 320 U
1011 286 1049 320 s.

88 347 158 397 At
190 347 365 410 edepol
399 364 484 393 nos
516 347 605 393 tibi
638 348 688 392 in
720 347 911 394 lumbos
949 348 1188 412 linguam,>
1224 359 1371 411 atque

94 453 100 459 -
345 422 508 468 oculos
540 422 592 466 in
627 423 796 467 solum.

350 512 1135 548 AGORASTOCLES-

91 573 202 623 Eia!
232 575 363 621 haud
378 585 592 621 vostrum
610 574 664 620 'st
691 573 944 620 iracundos
971 589 1089 631 oese,
1114 573 1250 634 quod
1269 574 1372 624 dixi

339 650 464 713 joco.

452 722 1046 758 ADVOCATUS.

94 785 195 833 Nec
227 799 367 850 tuum
397 785 596 847 quidem
611 786 666 831 ’st
682 819 696 842 ‚
723 784 879 830 amicis
900 800 985 845 pet
1012 785 1179 848 jocum
1199 786 1373 850 injuste

344 858 494 918 loqui.

345 940 1121 976 AGORASTOCLES.

91 1001 269 1048 Mittite
293 1001 456 1047 istaec:
493 1000 615 1061 quid
639 1000 786 1047 velim
801 1035 815 1058 ,
846 1017 929 1048 vos
954 1001 1089 1048 scitis.

437 1092 474 1126 A
507 1093 544 1126 D
580 1093 617 1127 v
655 1093 688 1126 ο
728 1093 756 1125 c
795 1093 831 1126 A
867 1093 898 1125 Τ
935 1093 970 1126 U
1009 1094 1049 1127 s.

559 1154 563 1157 “
928 1152 1164 1199 Callemus
1194 1154 1369 1215 probe:

91 1228 339 1276 Lenonem
368 1228 613 1292 perjurum
642 1237 698 1272 ut
725 1226 917 1288 perdas,
950 1227 1003 1272 id
1033 1226 1206 1273 studes.

199 1302 203 1304 ’
341 1317 1129 1354 AGonAstrocLES.

1033 1379 1227 1425 Tenetis
1254 1395 1372 1426 rem.-

92 1452 214 1499 Ecce
242 1463 513 1514 opportune
537 1451 842 1515 egrediuntur
860 1451 1062 1513 Milphio
1090 1467 1183 1497 una
1210 1463 1258 1498 et
1279 1453 1371 1503 vil-ff

127 1523 134 1527 ’
346 1525 476 1569 licus.
1048 1543 1050 1545 ·
1190 1538 1195 1542 ·

25 1633 30 1636 .
95 1595 285 1643 Basilice
307 1607 556 1647 exornatus
581 1597 783 1655 incedit,
818 1608 867 1643 et
891 1596 1021 1643 fabre
1047 1597 1111 1643 ad
1127 1596 1367 1644 fallaciam.

454 1770 835 1819 SCENA
934 1771 1032 1817 11.

94 1911 388 1951 LMILPHIO.
420 1915 847 1951 COLLYBISCUS,
887 1913 1366 1969 AGORASTOCLEsg

568 2001 881 2039 ADVOCATI.

511 2130 955 2167 MILPHIO.

91 2180 156 2306 J
157 2257 245 2293 AM
275 2257 405 2293 tenes
435 2226 684 2306 praecepta
712 2246 763 2290 in
788 2245 948 2290 corde.

387 2333 1082 2370 COLLYBISCUS.

800 2394 1009 2441 Pulchre.
