<?xml version="1.0" encoding="UTF-8"?>
<!DOCTYPE html PUBLIC "-//W3C//DTD XHTML 1.0 Transitional//EN"
    "http://www.w3.org/TR/xhtml1/DTD/xhtml1-transitional.dtd">
<html xmlns="http://www.w3.org/1999/xhtml" xml:lang="en" lang="en">
 <head>
  <title>
</title>
<meta http-equiv="Content-Type" content="text/html;charset=utf-8" />
  <meta name='ocr-system' content='tesseract 3.04.00' />
  <meta name='ocr-capabilities' content='ocr_page ocr_carea ocr_par ocr_line ocrx_word'/>
</head>
<body>
  <div class='ocr_page' id='page_1' title='image "./comoediaesuperst03plauuoft_0076.png"; bbox 0 0 1630 2866; ppageno 0'>
   <div class='ocr_carea' id='block_1_1' title="bbox 240 138 1524 235">
    <p class='ocr_par' dir='ltr' id='par_1_1' title="bbox 240 138 1524 235">
     <span class='ocr_line' id='line_1_1' title="bbox 240 138 1524 235; baseline -0.003 -18"><span class='ocrx_word' id='word_1_1' title='bbox 240 173 314 235; x_wconf 77' lang='lat'>70</span> <span class='ocrx_word' id='word_1_2' title='bbox 594 138 1170 211; x_wconf 79' lang='lat' dir='ltr'>POENULUS.</span> <span class='ocrx_word' id='word_1_3' title='bbox 1396 174 1524 224; x_wconf 53' lang='grc' dir='ltr'>ιμ’</span> 
     </span>
    </p>
   </div>
   <div class='ocr_carea' id='block_1_2' title="bbox 658 280 1520 412">
    <p class='ocr_par' dir='ltr' id='par_1_2' title="bbox 658 280 1520 412">
     <span class='ocr_line' id='line_1_2' title="bbox 660 280 1108 318; baseline -0.007 0"><span class='ocrx_word' id='word_1_4' title='bbox 660 284 704 318; x_wconf 89' lang='grc' dir='ltr'><strong><em>Μ</em></strong></span> <span class='ocrx_word' id='word_1_5' title='bbox 741 283 761 315; x_wconf 93' lang='lat'>1</span> <span class='ocrx_word' id='word_1_6' title='bbox 799 282 830 316; x_wconf 84' lang='lat' dir='ltr'>L</span> <span class='ocrx_word' id='word_1_7' title='bbox 868 280 898 315; x_wconf 83' lang='lat' dir='ltr'>P</span> <span class='ocrx_word' id='word_1_8' title='bbox 932 280 968 316; x_wconf 81' lang='grc' dir='ltr'><strong>Η</strong></span> <span class='ocrx_word' id='word_1_9' title='bbox 1001 282 1023 315; x_wconf 94' lang='lat'>1</span> <span class='ocrx_word' id='word_1_10' title='bbox 1059 282 1108 316; x_wconf 89' lang='lat' dir='ltr'>o.</span> 
     </span>
     <span class='ocr_line' id='line_1_3' title="bbox 658 349 1520 412; baseline 0.001 -16"><span class='ocrx_word' id='word_1_11' title='bbox 658 349 741 397; x_wconf 89' lang='lat' dir='ltr'>Dii</span> <span class='ocrx_word' id='word_1_12' title='bbox 764 359 812 396; x_wconf 92' lang='lat' dir='ltr'>te</span> <span class='ocrx_word' id='word_1_13' title='bbox 847 361 895 396; x_wconf 89' lang='lat' dir='ltr'>et</span> <span class='ocrx_word' id='word_1_14' title='bbox 921 359 1062 396; x_wconf 88' lang='lat' dir='ltr'><strong>tuum</strong></span> <span class='ocrx_word' id='word_1_15' title='bbox 1092 350 1260 396; x_wconf 80' lang='lat' dir='ltr'><strong>herum</strong></span> <span class='ocrx_word' id='word_1_16' title='bbox 1282 350 1520 412; x_wconf 82' lang='lat' dir='ltr'>perduint!</span> 
     </span>
    </p>
   </div>
   <div class='ocr_carea' id='block_1_3' title="bbox 247 449 1535 955">
    <p class='ocr_par' dir='ltr' id='par_1_3' title="bbox 247 449 1535 955">
     <span class='ocr_line' id='line_1_4' title="bbox 538 449 1246 487; baseline -0.001 -2"><span class='ocrx_word' id='word_1_17' title='bbox 538 449 1246 487; x_wconf 83' lang='lat' dir='ltr'>SYNCERASTUS.</span> 
     </span>
     <span class='ocr_line' id='line_1_5' title="bbox 248 517 1529 583; baseline -0.001 -18"><span class='ocrx_word' id='word_1_18' title='bbox 248 519 329 570; x_wconf 89' lang='lat' dir='ltr'>Me</span> <span class='ocrx_word' id='word_1_19' title='bbox 361 534 462 565; x_wconf 90' lang='lat' dir='ltr'>non</span> <span class='ocrx_word' id='word_1_20' title='bbox 483 520 718 583; x_wconf 80' lang='lat' dir='ltr'>perdant,</span> <span class='ocrx_word' id='word_1_21' title='bbox 752 522 889 567; x_wconf 88' lang='lat' dir='ltr'><strong>illum</strong></span> <span class='ocrx_word' id='word_1_22' title='bbox 913 531 969 566; x_wconf 89' lang='lat' dir='ltr'>ut</span> <span class='ocrx_word' id='word_1_23' title='bbox 999 519 1213 582; x_wconf 84' lang='lat' dir='ltr'>perdant.</span> <span class='ocrx_word' id='word_1_24' title='bbox 1245 517 1392 565; x_wconf 74' lang='lat' dir='ltr'>faeere</span> <span class='ocrx_word' id='word_1_25' title='bbox 1418 535 1529 580; x_wconf 88' lang='lat' dir='ltr'>pos-</span> 
     </span>
     <span class='ocr_line' id='line_1_6' title="bbox 502 593 898 651; baseline 0.01 -14"><span class='ocrx_word' id='word_1_26' title='bbox 502 593 587 638; x_wconf 87' lang='lat' dir='ltr'>sim</span> <span class='ocrx_word' id='word_1_27' title='bbox 605 628 619 650; x_wconf 84' lang='lat'><strong>‚</strong></span> <span class='ocrx_word' id='word_1_28' title='bbox 650 594 685 638; x_wconf 84' lang='lat' dir='ltr'>si</span> <span class='ocrx_word' id='word_1_29' title='bbox 719 595 865 640; x_wconf 86' lang='lat' dir='ltr'><strong>velim</strong></span> <span class='ocrx_word' id='word_1_30' title='bbox 884 626 898 651; x_wconf 86' lang='lat'>,</span> 
     </span>
     <span class='ocr_line' id='line_1_7' title="bbox 247 662 1533 729; baseline -0.003 -14"><span class='ocrx_word' id='word_1_31' title='bbox 247 665 417 715; x_wconf 89' lang='lat' dir='ltr'><strong>Meum</strong></span> <span class='ocrx_word' id='word_1_32' title='bbox 433 667 603 713; x_wconf 83' lang='lat' dir='ltr'><strong>herum</strong></span> <span class='ocrx_word' id='word_1_33' title='bbox 624 677 678 713; x_wconf 87' lang='lat' dir='ltr'>ut</span> <span class='ocrx_word' id='word_1_34' title='bbox 695 668 924 729; x_wconf 78' lang='lat' dir='ltr'>perdant3</span> <span class='ocrx_word' id='word_1_35' title='bbox 958 666 1011 712; x_wconf 83' lang='lat' dir='ltr'>ni</span> <span class='ocrx_word' id='word_1_36' title='bbox 1026 664 1143 711; x_wconf 80' lang='lat' dir='ltr'>mihi</span> <span class='ocrx_word' id='word_1_37' title='bbox 1159 675 1373 712; x_wconf 85' lang='lat' dir='ltr'><strong>metuam</strong></span> <span class='ocrx_word' id='word_1_38' title='bbox 1386 698 1401 723; x_wconf 83' lang='lat'>‚</span> <span class='ocrx_word' id='word_1_39' title='bbox 1421 662 1533 711; x_wconf 82' lang='lat' dir='ltr'>Mil-</span> 
     </span>
     <span class='ocr_line' id='line_1_8' title="bbox 870 727 1136 802; baseline -0.004 -17"><span class='ocrx_word' id='word_1_40' title='bbox 870 740 1001 802; x_wconf 75' lang='lat' dir='ltr'><strong>phio.</strong></span> <span class='ocrx_word' id='word_1_41' title='bbox 1084 727 1104 749; x_wconf 89' lang='lat'><strong>·</strong></span> <span class='ocrx_word' id='word_1_42' title='bbox 1133 744 1136 746; x_wconf 59' lang='grc'>’</span> 
     </span>
     <span class='ocr_line' id='line_1_9' title="bbox 673 825 1117 862; baseline -0.007 -1"><span class='ocrx_word' id='word_1_43' title='bbox 673 828 718 861; x_wconf 90' lang='grc' dir='ltr'>Μ</span> <span class='ocrx_word' id='word_1_44' title='bbox 754 827 776 860; x_wconf 89' lang='lat'>1</span> <span class='ocrx_word' id='word_1_45' title='bbox 810 827 842 862; x_wconf 92' lang='lat' dir='ltr'>L</span> <span class='ocrx_word' id='word_1_46' title='bbox 879 827 907 861; x_wconf 92' lang='lat' dir='ltr'>P</span> <span class='ocrx_word' id='word_1_47' title='bbox 944 826 978 860; x_wconf 80' lang='lat' dir='ltr'>H</span> <span class='ocrx_word' id='word_1_48' title='bbox 1013 825 1034 858; x_wconf 92' lang='lat'>1</span> <span class='ocrx_word' id='word_1_49' title='bbox 1070 825 1117 859; x_wconf 85' lang='lat' dir='ltr'>O.</span> 
     </span>
     <span class='ocr_line' id='line_1_10' title="bbox 1020 883 1535 955; baseline -0.012 -22"><span class='ocrx_word' id='word_1_50' title='bbox 1020 885 1157 955; x_wconf 75' lang='lat' dir='ltr'>Quid</span> <span class='ocrx_word' id='word_1_51' title='bbox 1179 885 1369 934; x_wconf 85' lang='lat' dir='ltr'>idest?</span> <span class='ocrx_word' id='word_1_52' title='bbox 1402 883 1535 931; x_wconf 82' lang='lat' dir='ltr'>cedo.</span> 
     </span>
    </p>
   </div>
   <div class='ocr_carea' id='block_1_4' title="bbox 544 983 1261 1020">
    <p class='ocr_par' dir='ltr' id='par_1_4' title="bbox 544 983 1261 1020">
     <span class='ocr_line' id='line_1_11' title="bbox 544 983 1261 1020; baseline -0.001 0"><span class='ocrx_word' id='word_1_53' title='bbox 544 983 1261 1020; x_wconf 77' lang='lat' dir='ltr'>SYNCERASTUS.</span> 
     </span>
    </p>
   </div>
   <div class='ocr_carea' id='block_1_5' title="bbox 255 1038 1126 1148">
    <p class='ocr_par' dir='ltr' id='par_1_5' title="bbox 255 1038 1126 1148">
     <span class='ocr_line' id='line_1_12' title="bbox 255 1038 494 1087; baseline -0.017 0"><span class='ocrx_word' id='word_1_54' title='bbox 255 1038 494 1087; x_wconf 79' lang='lat' dir='ltr'>Maluses.</span> 
     </span>
     <span class='ocr_line' id='line_1_13' title="bbox 680 1113 1126 1148; baseline -0.004 0"><span class='ocrx_word' id='word_1_55' title='bbox 680 1113 1126 1148; x_wconf 81' lang='lat' dir='ltr'>MILPH10.</span> 
     </span>
    </p>
   </div>
   <div class='ocr_carea' id='block_1_6' title="bbox 260 1175 1543 1995">
    <p class='ocr_par' dir='ltr' id='par_1_6' title="bbox 260 1175 1543 1995">
     <span class='ocr_line' id='line_1_14' title="bbox 386 1175 685 1221; baseline -0.007 0"><span class='ocrx_word' id='word_1_56' title='bbox 386 1175 538 1221; x_wconf 87' lang='lat' dir='ltr'>Malus</span> <span class='ocrx_word' id='word_1_57' title='bbox 567 1191 685 1220; x_wconf 87' lang='lat' dir='ltr'><strong>sum.</strong></span> 
     </span>
     <span class='ocr_line' id='line_1_15' title="bbox 549 1263 1258 1302; baseline 0.001 -1"><span class='ocrx_word' id='word_1_58' title='bbox 549 1263 1258 1302; x_wconf 72' lang='lat' dir='ltr'>SYNCERASTUS.</span> 
     </span>
     <span class='ocr_line' id='line_1_16' title="bbox 516 1327 977 1375; baseline -0.007 0"><span class='ocrx_word' id='word_1_59' title='bbox 516 1329 643 1375; x_wconf 85' lang='lat' dir='ltr'><strong>Male</strong></span> <span class='ocrx_word' id='word_1_60' title='bbox 676 1327 793 1373; x_wconf 85' lang='lat' dir='ltr'>mihi</span> <span class='ocrx_word' id='word_1_61' title='bbox 822 1338 902 1373; x_wconf 88' lang='lat' dir='ltr'>est.</span> <span class='ocrx_word' id='word_1_62' title='bbox 971 1341 977 1355; x_wconf 90' lang='grc'>·</span> 
     </span>
     <span class='ocr_line' id='line_1_17' title="bbox 529 1400 1120 1456; baseline -0.002 0"><span class='ocrx_word' id='word_1_63' title='bbox 529 1400 535 1404; x_wconf 20' lang='lat' dir='ltr'><em>l</em></span> <span class='ocrx_word' id='word_1_64' title='bbox 681 1423 724 1456; x_wconf 90' lang='lat' dir='ltr'>M</span> <span class='ocrx_word' id='word_1_65' title='bbox 760 1424 780 1455; x_wconf 93' lang='lat'>1</span> <span class='ocrx_word' id='word_1_66' title='bbox 817 1422 846 1456; x_wconf 89' lang='lat' dir='ltr'>L</span> <span class='ocrx_word' id='word_1_67' title='bbox 881 1423 909 1455; x_wconf 80' lang='lat' dir='ltr'>P</span> <span class='ocrx_word' id='word_1_68' title='bbox 946 1422 980 1456; x_wconf 84' lang='lat' dir='ltr'>H</span> <span class='ocrx_word' id='word_1_69' title='bbox 1016 1422 1036 1455; x_wconf 89' lang='lat'>1</span> <span class='ocrx_word' id='word_1_70' title='bbox 1074 1423 1120 1456; x_wconf 90' lang='lat' dir='ltr'>o.</span> 
     </span>
     <span class='ocr_line' id='line_1_18' title="bbox 675 1481 1541 1530; baseline -0.002 0"><span class='ocrx_word' id='word_1_71' title='bbox 675 1483 1070 1530; x_wconf 73' lang='lat' dir='ltr'>Memorandum!</span> <span class='ocrx_word' id='word_1_72' title='bbox 1102 1499 1195 1528; x_wconf 87' lang='lat' dir='ltr'><strong>esse</strong></span> <span class='ocrx_word' id='word_1_73' title='bbox 1227 1482 1361 1528; x_wconf 87' lang='lat' dir='ltr'>aliter</span> <span class='ocrx_word' id='word_1_74' title='bbox 1391 1481 1541 1529; x_wconf 83' lang='lat' dir='ltr'>decet.</span> 
     </span>
     <span class='ocr_line' id='line_1_19' title="bbox 260 1553 1539 1630; baseline -0.005 -23"><span class='ocrx_word' id='word_1_75' title='bbox 260 1558 401 1630; x_wconf 71' lang='lat' dir='ltr'>Quid</span> <span class='ocrx_word' id='word_1_76' title='bbox 424 1571 490 1606; x_wconf 86' lang='lat' dir='ltr'>est</span> <span class='ocrx_word' id='word_1_77' title='bbox 507 1594 521 1617; x_wconf 84' lang='lat'>‚</span> <span class='ocrx_word' id='word_1_78' title='bbox 546 1557 682 1620; x_wconf 89' lang='lat' dir='ltr'>quod</span> <span class='ocrx_word' id='word_1_79' title='bbox 710 1558 831 1604; x_wconf 85' lang='lat' dir='ltr'>male</span> <span class='ocrx_word' id='word_1_80' title='bbox 861 1556 950 1602; x_wconf 85' lang='lat' dir='ltr'>sit?</span> <span class='ocrx_word' id='word_1_81' title='bbox 979 1556 1097 1617; x_wconf 88' lang='lat' dir='ltr'>quoi</span> <span class='ocrx_word' id='word_1_82' title='bbox 1129 1553 1260 1602; x_wconf 89' lang='lat' dir='ltr'>domi</span> <span class='ocrx_word' id='word_1_83' title='bbox 1283 1556 1366 1614; x_wconf 81' lang='lat' dir='ltr'>’st,</span> <span class='ocrx_word' id='word_1_84' title='bbox 1402 1557 1539 1617; x_wconf 91' lang='lat' dir='ltr'>quod</span> 
     </span>
     <span class='ocr_line' id='line_1_20' title="bbox 516 1629 1206 1690; baseline -0.004 -14"><span class='ocrx_word' id='word_1_85' title='bbox 516 1631 643 1687; x_wconf 83' lang='lat' dir='ltr'>edis,</span> <span class='ocrx_word' id='word_1_86' title='bbox 674 1630 811 1690; x_wconf 92' lang='lat' dir='ltr'>quod</span> <span class='ocrx_word' id='word_1_87' title='bbox 842 1646 966 1677; x_wconf 87' lang='lat' dir='ltr'>ames</span> <span class='ocrx_word' id='word_1_88' title='bbox 998 1629 1171 1675; x_wconf 87' lang='lat' dir='ltr'>affatim</span> <span class='ocrx_word' id='word_1_89' title='bbox 1192 1662 1206 1684; x_wconf 85' lang='lat'><strong>,</strong></span> 
     </span>
     <span class='ocr_line' id='line_1_21' title="bbox 265 1698 1543 1765; baseline -0.005 -15"><span class='ocrx_word' id='word_1_90' title='bbox 265 1703 434 1765; x_wconf 84' lang='lat' dir='ltr'><strong>Neque</strong></span> <span class='ocrx_word' id='word_1_91' title='bbox 462 1704 727 1749; x_wconf 79' lang='lat' dir='ltr'>triobulum</span> <span class='ocrx_word' id='word_1_92' title='bbox 751 1703 903 1748; x_wconf 86' lang='lat' dir='ltr'>ullum</span> <span class='ocrx_word' id='word_1_93' title='bbox 939 1701 1111 1747; x_wconf 84' lang='lat' dir='ltr'>amicae</span> <span class='ocrx_word' id='word_1_94' title='bbox 1146 1698 1252 1757; x_wconf 83' lang='lat' dir='ltr'>das,</span> <span class='ocrx_word' id='word_1_95' title='bbox 1294 1709 1342 1745; x_wconf 87' lang='lat' dir='ltr'>et</span> <span class='ocrx_word' id='word_1_96' title='bbox 1381 1698 1543 1756; x_wconf 79' lang='lat' dir='ltr'>ductas</span> 
     </span>
     <span class='ocr_line' id='line_1_22' title="bbox 522 1777 683 1839; baseline -0.012 -19"><span class='ocrx_word' id='word_1_97' title='bbox 522 1777 683 1839; x_wconf 81' lang='lat' dir='ltr'>gratiis.</span> 
     </span>
     <span class='ocr_line' id='line_1_23' title="bbox 557 1861 1276 1903; baseline -0.007 0"><span class='ocrx_word' id='word_1_98' title='bbox 557 1861 1276 1903; x_wconf 81' lang='lat' dir='ltr'>SYNCERASTUS.</span> 
     </span>
     <span class='ocr_line' id='line_1_24' title="bbox 266 1928 930 1995; baseline -0.014 -14"><span class='ocrx_word' id='word_1_99' title='bbox 266 1932 500 1995; x_wconf 86' lang='lat' dir='ltr'>Diespite1</span> <span class='ocrx_word' id='word_1_100' title='bbox 532 1947 611 1977; x_wconf 86' lang='lat' dir='ltr'>me</span> <span class='ocrx_word' id='word_1_101' title='bbox 641 1929 703 1977; x_wconf 87' lang='lat' dir='ltr'>sic</span> <span class='ocrx_word' id='word_1_102' title='bbox 738 1928 930 1976; x_wconf 83' lang='lat' dir='ltr'><strong>amabit.</strong></span> 
     </span>
    </p>
   </div>
   <div class='ocr_carea' id='block_1_7' title="bbox 684 2025 1542 2146">
    <p class='ocr_par' dir='ltr' id='par_1_7' title="bbox 684 2025 1542 2146">
     <span class='ocr_line' id='line_1_25' title="bbox 684 2025 1126 2062; baseline -0.011 0"><span class='ocrx_word' id='word_1_103' title='bbox 684 2027 728 2062; x_wconf 87' lang='grc' dir='ltr'>Μ</span> <span class='ocrx_word' id='word_1_104' title='bbox 764 2028 786 2060; x_wconf 92' lang='lat'>1</span> <span class='ocrx_word' id='word_1_105' title='bbox 823 2027 853 2060; x_wconf 91' lang='lat' dir='ltr'>L</span> <span class='ocrx_word' id='word_1_106' title='bbox 888 2026 916 2058; x_wconf 83' lang='lat' dir='ltr'>P</span> <span class='ocrx_word' id='word_1_107' title='bbox 954 2025 988 2058; x_wconf 82' lang='lat' dir='ltr'>H</span> <span class='ocrx_word' id='word_1_108' title='bbox 1023 2026 1044 2058; x_wconf 94' lang='lat'>1</span> <span class='ocrx_word' id='word_1_109' title='bbox 1081 2025 1126 2058; x_wconf 90' lang='grc' dir='ltr'>ο.</span> 
     </span>
     <span class='ocr_line' id='line_1_26' title="bbox 782 2081 1542 2146; baseline -0.009 -15"><span class='ocrx_word' id='word_1_110' title='bbox 782 2085 846 2132; x_wconf 87' lang='lat' dir='ltr'>Ut</span> <span class='ocrx_word' id='word_1_111' title='bbox 874 2084 1072 2146; x_wconf 87' lang='lat' dir='ltr'>quidem</span> <span class='ocrx_word' id='word_1_112' title='bbox 1094 2083 1267 2146; x_wconf 87' lang='lat' dir='ltr'>edepol</span> <span class='ocrx_word' id='word_1_113' title='bbox 1292 2081 1460 2146; x_wconf 77' lang='lat' dir='ltr'>dignus</span> <span class='ocrx_word' id='word_1_114' title='bbox 1484 2094 1542 2125; x_wconf 78' lang='lat' dir='ltr'>es,</span> 
     </span>
    </p>
   </div>
   <div class='ocr_carea' id='block_1_8' title="bbox 267 2182 1264 2322">
    <p class='ocr_par' dir='ltr' id='par_1_8' title="bbox 267 2182 1264 2322">
     <span class='ocr_line' id='line_1_27' title="bbox 528 2182 1264 2237; baseline -0.005 -17"><span class='ocrx_word' id='word_1_115' title='bbox 528 2182 1264 2237; x_wconf 46' lang='lat' dir='ltr'>,SYNCERASTUQ</span> 
     </span>
     <span class='ocr_line' id='line_1_28' title="bbox 267 2239 1260 2322; baseline -0.009 -19"><span class='ocrx_word' id='word_1_116' title='bbox 267 2239 332 2303; x_wconf 78' lang='lat' dir='ltr'>Ut</span> <span class='ocrx_word' id='word_1_117' title='bbox 359 2271 445 2322; x_wconf 84' lang='lat' dir='ltr'>ego</span> <span class='ocrx_word' id='word_1_118' title='bbox 473 2256 594 2303; x_wconf 81' lang='lat' dir='ltr'>hanc</span> <span class='ocrx_word' id='word_1_119' title='bbox 624 2255 848 2302; x_wconf 84' lang='lat' dir='ltr'><strong>familiam</strong></span> <span class='ocrx_word' id='word_1_120' title='bbox 874 2253 1063 2299; x_wconf 80' lang='lat' dir='ltr'>interire</span> <span class='ocrx_word' id='word_1_121' title='bbox 1093 2248 1260 2311; x_wconf 89' lang='lat' dir='ltr'>cupio!</span> 
     </span>
    </p>
   </div>
   <div class='ocr_carea' id='block_1_9' title="bbox 687 2349 1540 2470">
    <p class='ocr_par' dir='ltr' id='par_1_9' title="bbox 687 2349 1540 2470">
     <span class='ocr_line' id='line_1_29' title="bbox 687 2349 1129 2389; baseline -0.02 0"><span class='ocrx_word' id='word_1_122' title='bbox 687 2354 732 2389; x_wconf 90' lang='lat' dir='ltr'><strong>M</strong></span> <span class='ocrx_word' id='word_1_123' title='bbox 769 2355 792 2388; x_wconf 87' lang='grc' dir='ltr'>Ι</span> <span class='ocrx_word' id='word_1_124' title='bbox 827 2354 857 2387; x_wconf 87' lang='lat' dir='ltr'>L</span> <span class='ocrx_word' id='word_1_125' title='bbox 893 2353 922 2386; x_wconf 88' lang='lat' dir='ltr'>P</span> <span class='ocrx_word' id='word_1_126' title='bbox 958 2352 993 2384; x_wconf 83' lang='lat' dir='ltr'><strong><em>H</em></strong></span> <span class='ocrx_word' id='word_1_127' title='bbox 1028 2351 1049 2382; x_wconf 93' lang='lat'>1</span> <span class='ocrx_word' id='word_1_128' title='bbox 1085 2349 1129 2382; x_wconf 90' lang='grc' dir='ltr'>Ο.</span> 
     </span>
     <span class='ocr_line' id='line_1_30' title="bbox 904 2403 1540 2470; baseline -0.016 -13"><span class='ocrx_word' id='word_1_129' title='bbox 904 2410 1046 2457; x_wconf 82' lang='lat' dir='ltr'>Adde</span> <span class='ocrx_word' id='word_1_130' title='bbox 1075 2421 1266 2470; x_wconf 86' lang='lat' dir='ltr'>operam</span> <span class='ocrx_word' id='word_1_131' title='bbox 1284 2437 1298 2462; x_wconf 87' lang='grc'>,</span> <span class='ocrx_word' id='word_1_132' title='bbox 1331 2403 1366 2449; x_wconf 81' lang='lat' dir='ltr'>si</span> <span class='ocrx_word' id='word_1_133' title='bbox 1397 2403 1540 2464; x_wconf 84' lang='lat' dir='ltr'><strong>cupis.</strong></span> 
     </span>
    </p>
   </div>
  </div>
 </body>
</html>
