1690 2872
282 156 375 217 482
574 154 1234 207 TRINUMMth.
1444 161 1578 213 ma

645 277 673 309 c
706 275 742 309 H
766 276 813 309 ‘A
847 277 882 310 R
917 278 961 310 M
997 277 1020 310 1
1052 278 1090 311 D
1124 279 1156 312 E
1195 279 1232 314 s.

281 337 428 396 Vide,
452 337 603 383 homo
617 351 637 395 ,’
649 347 707 383 ut
728 337 980 385 hominem
995 339 1198 388 noveris.

608 438 1275 475 SYCOPHANTA·

761 511 1035 573 Tamquam
1052 527 1145 559 me.
1165 511 1267 559 fieri
1284 512 1404 561 istuc
1420 516 1563 575 solet,

279 583 434 655 Quod
451 586 502 632 in
519 600 666 631 manu
684 597 843 632 teneas
864 597 1012 648 atque
1035 586 1181 634 oculis
1197 585 1356 635 videas
1368 621 1383 646 ‚
1409 586 1463 634 id
1481 589 1571 636 de-

531 658 712 704 sidetes.

276 729 446 776 Literis
472 731 861 790 reconminiscar,
882 730 922 778 C
951 742 1020 778 est
1033 732 1327 796 principium
1344 733 1553 781 nomini.·
1589 781 1605 790 ς

636 831 1230 870 CHARMIDES.

277 883 517 931 Callicias?
915 879 926 891 '

601 958 1266 998 SY'GOPHANTA.

497 1021 717 1068 Nonest.

629 1114 1226 1150 CHAR-MIDES.

689 1185 967 1246 Callippus?

599 1278 1270 1318 SYCOPHANTAss

966 1349 1190 1398 Nonest.

626 1417 1219 1478 CHARM’IDES.

1193 1501 1564 1558 Callidemides?

598 1595 1305 1647 sYCQPHANTA„

271 1651 493 1700 Nonest.

628 1725 1217 1762 CHARMIDES.

495 1786 774 1835 Callinicus?
796 1828 823 1839 ,

594 1879 619 1914 S
653 1881 690 1914 Y
724 1881 752 1914 C
790 1880 823 1913 Ο
861 1879 890 1912 P
925 1878 963 1912 H
997 1879 1033 1914 A
1070 1881 1107 1915 N
1141 1881 1174 1915 T
1210 1880 1261 1916 A.

770 1941 885 1988 Non
908 1953 989 1990 est.

625 2036 654 2070 c
688 2037 725 2071 Η
759 2036 795 2070 A
830 2038 865 2071 R
900 2038 945 2072 M
980 2037 1004 2071 1
1039 2039 1077 2071 D
1111 2038 1143 2071 E
1180 2037 1222 2072 s.

989 2105 1356 2153 Callimarchus?

594 2198 622 2233 s
654 2199 691 2234 Y
726 2199 754 2234 c
790 2201 825 2235 o
858 2200 890 2234 Ρ
925 2199 961 2234 H
995 2199 1031 2233 A
1063 2200 1098 2233 N
1133 2198 1166 2232 Τ
1201 2198 1254 2232 A.
1453 2178 1458 2182 ’

1051 2244 1064 2247 ”
1346 2247 1426 2294 Nil
1442 2249 1550 2313 agis.

270 2326 442 2390 Neque
469 2327 590 2375 adeo
618 2327 792 2389 edepol
816 2326 1102 2387 floccifacio,
1125 2323 1322 2388 quando
1354 2334 1544 2388 egomet

526 2400 728 2448 memini
748 2400 857 2446 mei.
1011 2462 1019 2483 Ι
