1630 2866
254 120 445 182 365„
630 99 1134 167 'ST1CHus
1412 124 1540 181 v.78

676 236 714 269 A
749 237 783 269 N
819 236 850 269 T
886 238 908 270 1
942 237 971 272 P
1007 238 1043 272 H
1078 239 1125 273 Ο.
1186 238 1194 241 ’

256 288 302 357 V
305 322 417 354 osne
439 308 644 357 latrones
676 316 724 352 et
744 307 992 354 mendicos
1020 307 1238 356 homines
1262 310 1544 376 magnipenff

511 379 653 425 ditis?

615 473 644 506 P
683 471 719 506 A
755 473 791 507 N
827 473 859 507 E
899 474 933 508 G
970 474 1006 508 Y
1041 476 1076 510 R
1113 475 1138 508 1
1171 473 1208 509 S.

254 543 367 591 Non
406 560 487 591 me
513 555 567 590 tu
606 555 802 608 argento
836 544 1034 603 dedisti,
1065 546 1268 608 opinor,
1300 558 1541 611 nuptum,

508 615 591 663 sed
618 617 736 664 viro·
1419 618 1422 622 ’

678 712 714 745 Α
748 714 782 747 Ν
820 714 851 746 Τ
887 715 911 748 1
944 714 974 747 P
1010 714 1046 748 Η
1083 715 1134 748 o.
1166 734 1169 738 -

258 782 427 855 Quid?
453 783 557 828 illos
584 784 857 844 exspectatis
872 817 886 841 ,
911 784 996 845 qui
1019 784 1194 831 abhinc
1205 783 1307 849 jam
1326 784 1549 832 abierunt

511 858 804 903 triennium?

259 932 395 1002 Quin
420 949 503 980 vos
541 931 701 992 capitis
735 932 1068 979 conditionem
1103 948 1164 978 ex
1197 948 1415 995 pessuma
1449 930 1549 996 pri-

512 1005 739 1051 mariam?

616 1099 645 1131 P
685 1098 721 1130 A
758 1099 792 1131 N
828 1098 859 1130 Ε
897 1098 929 1130 G
966 1098 1000 1131 Y
1038 1099 1072 1132 R
1107 1098 1129 1130 1
1165 1097 1206 1131 s.

263 1168 473 1217 Stultitia
492 1178 559 1214 est
571 1203 583 1224 ‚
603 1178 737 1228 pater
749 1200 763 1223 ,
780 1177 1012 1212 venatum
1027 1164 1203 1211 ducere
1218 1165 1384 1212 invitas
1402 1175 1551 1212 canes·

263 1243 420 1290 Hostis
454 1253 520 1286 est
543 1256 696 1298 uxor,
729 1239 877 1287 invita
910 1254 1031 1300 quae
1061 1238 1124 1284 ad
1151 1238 1309 1286 virum
1338 1249 1552 1300 nuptum

516 1314 671 1359 datur.

589 1382 1134 1433 'ANTIPHQ

267 1474 525 1521 Certumne
543 1473 598 1516 'st
623 1481 846 1516 neutram
866 1480 1131 1518 vostrarum
1155 1466 1376 1529 persequi
1402 1466 1555 1530 impe-⁴¹

519 1546 646 1591 rium
675 1544 849 1606 patris?

649 1636 679 1669 P
718 1637 740 1668 1
775 1637 810 1670 N
847 1637 883 1668 A
922 1636 949 1668 c
986 1636 1008 1669 1
1043 1635 1080 1668 U
1116 1633 1174 1674 Μ.

266 1697 623 1760 Persequimur:
657 1711 772 1741 nam
804 1712 904 1756 quo
939 1695 1111 1742 dedisti
1137 1703 1352 1756 nuptum
1373 1728 1388 1752 ,
1426 1693 1555 1742 abire

521 1772 763 1816 nolumuS.

691 1864 726 1897 A
761 1863 794 1896 Ν
831 1864 862 1896 Τ
897 1863 919 1895 1
953 1863 982 1895 Ρ
1015 1838 1057 1895 Ἠ
1097 1861 1147 1895 0.

271 1928 400 1974 Bene
433 1928 614 1975 valete:
652 1925 735 1970 ibo
754 1959 769 1982 ‚
804 1935 949 1986 atque
980 1923 1137 1971 amicis
1172 1932 1326 1969 vostra
1366 1923 1553 1970 consilia
1607 1958 1612 1959 κ

523 2000 732 2058 eloquar.

260 2131 261 2134 Ἴ
630 2092 660 2125 Ρ
698 2090 732 2124 A
767 2092 801 2125 N
834 2089 864 2123 E
904 2090 937 2123 G
973 2089 1008 2122 Y
1043 2090 1078 2123 R
1111 2088 1135 2122 1
1171 2088 1212 2123 S.

273 2151 524 2200 Probiores
562 2150 709 2197 credo
735 2150 1047 2198 ‘arbitrabunt
1067 2183 1082 2207 ,
1125 2148 1162 2194 si
1200 2145 1359 2210 probis
1401 2142 1556 2204 nerra-

526 2241 660 2272 vens.

695 2309 731 2343 A
763 2309 798 2342 Ν
837 2307 870 2340 Τ
903 2306 925 2340 1
960 2307 990 2340 P
1025 2307 1060 2340 Η
1099 2307 1150 2340 ο.

278 2371 447 2417 Curate
462 2372 602 2437 igitur
611 2370 884 2418 familiarem
898 2384 998 2414 rem
1008 2402 1021 2425 ‚
1033 2378 1089 2412 ut
1101 2366 1293 2427 potestis
1304 2399 1318 2424 ,
1335 2375 1551 2428 optume.
1628 2360 1630 2363 ¹
