1630 2866
1254 140 1347 188 355

250 268 1150 353 ARGUMEQWTUM

373 430 472 493 (Ut
504 426 793 491 quibusdam
818 426 1043 491 videtur)

418 516 955 597 'PRISCIANL

134 681 215 728 SE
232 689 379 727 NEX
411 678 604 737 castigat
623 675 783 738 filias.
812 674 924 737 quod
954 673 1032 719 hae
1058 675 1172 721 viros

4 738 43 781 G)
78 746 190 795 Tam
213 753 482 809 perseverent
505 741 829 805 peregrinantis
851 755 1065 803 pauperes
1095 794 1106 804 x

73 814 149 859 Ita
179 810 387 856 sustinere
398 806 601 870 fratres,
633 821 764 867 neque
796 806 1048 866 relinquere.

79 877 321 936 Contraque
353 872 491 919 verbis
523 870 734 916 delenitur
769 869 1018 918 commodis,

77 941 263 997 Habere,
286 949 336 983 ut
364 938 547 984 sineret.
573 952 677 998 quos
703 934 834 980 semel
857 946 1013 979 nactae
1028 934 1199 997 forent.

86 1006 178 1052 Viri
203 1004 427 1050 reveniunt
453 1001 599 1065 opibus
629 1001 750 1045 aucti
781 1011 904 1044 trans
929 1016 1073 1047 mare.

79 1068 403 1133 Suamyuisque
424 1066 608 1132 retinet.-
636 1081 687 1111 ac
708 1063 854 1110 Sticho
876 1063 1002 1110 ludus
1026 1064 1170 1110 datur.

1330 922 1353 955 ἢ

99 1187 1303 1270 ·AL1UDARGUMENTUM

453 1348 994 1390 CAMERARII.

155 1471 286 1516 ΑΚΘ
303 1480 497 1516 UMEN
509 1480 650 1515 TUM
681 1468 807 1534 hujus
824 1468 1013 1532 fabulae
1036 1480 1100 1514 est
1123 1470 1208 1515 leve
1233 1480 1276 1514 et
1285 1468 1375 1532 fu-

92 1535 183 1581 tile.
213 1533 312 1580 Etsi
339 1536 383 1589 in
418 1533 499 1579 lzac
539 1533 668 1578 bonae
692 1545 735 1578 et
753 1534 1009 1597 praeclarae
1038 1535 1273 1579 sententiae
1308 1537 1378 1578 in·-

92 1611 233 1646 sertae
252 1610 380 1644 sunt.-
409 1609 451 1643 et
479 1598 716 1661 exemplum
735 1600 994 1661 proponitur
1012 1600 1234 1658 egregium
1262 1598 1375 1643 fidei

97 1662 365 1727 conjugalis.
399 1661 503 1708 Duo
535 1662 817 1708 adolescentes
835 1662 1011 1726 fratres
1039 1663 1249 1709 habebant
1271 1663 1380 1709 duas

98 1744 260 1774 sorores
279 1729 488 1793 conjuges.
519 1725 643 1772 Dum
659 1729 809 1774 vivunt
832 1730 875 1772 in
895 1728 1004 1773 luxu
1024 1739 1067 1773 et
1081 1727 1244 1773 deliciis
1256 1764 1272 1776 ,
1289 1745 1380 1773 rem
1411 1733 1414 1734 ⁷

87 1793 364 1858 familiarem
376 1791 579 1856 perdunt..
602 1791 732 1837 Hanc
752 1809 1002 1856 recuperare
1023 1792 1197 1838 student
1213 1810 1380 1838 merca-

105 1859 215 1903 turis
229 1856 463 1921 faciendis.
498 1855 630 1930 Quod
650 1868 791 1901 autem
812 1857 936 1919 longo
961 1869 1142 1922 tempore
1162 1858 1379 1906 abessent,

106 1921 203 1970 vult
220 1932 350 1986 pater
363 1921 522 1984 filias,
547 1938 702 1966 uxores
719 1922 918 1971 illorum,
938 1924 1038 1968 aliis
1060 1923 1290 1968 collocare;
1312 1922 1388 1967 sed

106 1987 210 2032 illae
231 1997 472 2031 constanter
497 1985 796 2049 refragantur.
832 1987 1028 2032 Redeunt
1055 1988 1123 2031 illi
1147 2004 1192 2031 re
1214 1987 1312 2032 bene
1342 1999 1383 2032 et

94 2051 295 2117 feliciter
309 2061 463 2111 gesta.
483 2062 525 2095 et
546 2052 667 2095 aucti
687 2052 844 2116 opibus.
875 2053 1030 2114 Itaque
1035 2051 1178 2115 facile
1197 2054 1387 2098 reconci-

110 2118 276 2162 liantur
305 2131 459 2160 socero.
482 2114 711 2160 Parasitus
740 2127 907 2165 autem,
931 2133 1010 2178 quo
1037 2119 1152 2162 socio
1185 2129 1227 2161 et
1258 2117 1387 2183 adju-

112 2193 201 2227 tore
219 2197 308 2225 rem
325 2182 582 2227 amiserant,
605 2179 656 2224 ab
675 2180 763 2224 iltis
780 2181 1027 2245 repellitur⁴
1048 2193 1090 2227 et
1110 2181 1289 2226 ludibrio
1315 2181 1392 2226 lta«

115 2246 247 2291 betur.
273 2245 420 2290 Sticho
445 2247 575 2290 etiam
593 2261 711 2291 servo
723 2256 916 2308 potestas
921 2248 990 2309 fit
1009 2248 1192 2292 convivii
1218 2248 1396 2308 agitate-2

116 2311 161 2357 di
180 2327 275 2356 cum
295 2310 428 2356 altero
454 2326 571 2357 servo
595 2309 825 2372 Sagarino.

192 2424 530 2495 ½Ln1‚'
660 2420 712 2435 ⁷
827 2432 843 2433 ”
1085 2445 1190 2492 22
