1630 2866
162 177 311 226 *53
445 149 1214 207 1NP0ENULUM
1430 160 1461 211 γ

175 267 487 319 Carchedonius
517 274 711 312 vocatur
737 262 849 317 haec
877 258 1138 316 Comoedia
1154 292 1172 317 ,

172 344 342 392 Latine
374 327 594 396 Plautus,
628 337 821 382 Patruus
849 331 1246 399 Pultzplzagonides.

173 416 367 462 Nomen
385 413 487 481 jam
514 408 707 457 habetis.
740 421 869 453 nunc
900 406 1100 450 rationes
1123 413 1294 448 ceteras

171 483 406 550 Accipite:
437 502 551 532 narn
572 491 903 547 argumentum
922 479 1014 525 hoc
1038 479 1115 524 hic
1138 474 1422 523 censebitur.

174 563 330 609 Locus
359 570 636 626 argumento
654 559 709 604 ’st
738 573 879 604 suurn
908 553 996 603 sibi
1027 551 1344 615 proscenium.

171 635 272 683 Vos
291 637 521 700 juratores
550 631 680 679 estis:
710 646 882 700 quaeso
901 661 916 687 ,
947 644 1138 690 operam
1166 627 1292 673 date.

173 708 566 772 Carthaginienses
595 705 750 764 fratres
777 703 1009 766 patrueles
1041 702 1141 748 duo

171 783 350 842 Fuere,
375 796 563 827 summo
596 794 765 843 genere
797 789 845 823 et
868 775 1062 823 summis
1086 774 1283 821 divitiis:

172 858 355 904 Eorum
375 857 489 913 alter
510 854 651 915 vivit,
690 854 804 898 alter
827 862 895 898 est
926 861 1184 897 emortuus,

173 929 426 990 Propterea
444 924 576 987 apud
609 940 690 970 vos
714 923 823 968 dico
851 921 1162 968 confidentius
1182 954 1198 976 ‚

174 1001 304 1069 Quia
318 998 436 1045 mihi
457 996 718 1059 pollinctor
742 994 868 1040 dixit
880 1027 894 1050 ‚
922 993 1009 1054 qui
1026 1009 1140 1040 eum
1156 991 1456 1053 pollinxerat.

170 1071 267 1118 Sed
294 1071 364 1117 illi
386 1070 514 1126 seni,
541 1069 627 1129 qui
651 1079 867 1114 mortuus
899 1079 967 1111 est
984 1099 998 1123 ‚
1031 1065 1154 1111 filius

170 1145 345 1192 Unicus
383 1143 469 1207 qui
493 1141 648 1188 fuerat
667 1175 681 1198 ‚
707 1140 944 1186 abditivus
973 1156 1000 1185 a
1029 1150 1189 1200 patre,

167 1216 294 1263 Puer
321 1214 590 1279 septuennis
623 1212 881 1275 subripitur
907 1210 1187 1277 Carthagine
1202 1245 1219 1269 ,

169 1287 406 1336 Sexennio
432 1288 561 1349 prius
595 1285 822 1348 quidem,
854 1301 1002 1346 quam
1024 1285 1225 1331 moritur
1242 1296 1387 1347 pater.

171 1364 418 1434 Quoniam
450 1362 634 1425 periisse
658 1361 744 1406 sibi
770 1359 903 1406 videt
931 1370 1131 1424 gnatum
1154 1359 1353 1425 unicum
1367 1393 1385 1417 ,

174 1437 439 1501 Conjicitur
463 1437 561 1497 ipse
586 1437 637 1481 in
667 1434 895 1480 morbum
930 1450 991 1480 ex
1017 1434 1320 1499 aegritudine.

111 1506 117 1510 ¹
171 1511 303 1557 Facit
330 1511 469 1556 illum
500 1509 725 1555 heredem
754 1508 943 1565 fratrem
969 1509 1234 1570 patruelem
1264 1525 1421 1554 suum.

172 1584 280 1646 Ipse
306 1583 422 1630 abiit
443 1582 505 1628 ad
531 1582 853 1631 Acheruntem
887 1581 986 1627 sine
1017 1581 1201 1627 viatico.

172 1657 261 1703 Ille
287 1657 373 1718 qui
403 1655 640 1718 subripuit
664 1670 897 1716 puerum,
923 1653 1221 1716 Calydonem
1249 1653 1420 1700 avehit.

172 1727 355 1775 Vendit
385 1745 499 1780 eum
529 1727 731 1774 domino
762 1726 839 1773 hic
871 1726 1007 1772 diviti
1030 1727 1263 1789 quoidam
1289 1728 1420 1784 seni,

171 1802 398 1864 Cupienti
422 1802 680 1849 liberorum
695 1835 710 1858 ‚
748 1801 868 1847 osori
897 1800 1170 1847 mulierum.

171 1875 300 1922 Emit
321 1877 601 1938 hospitalem
628 1876 664 1921 is
692 1875 846 1921 filium
874 1875 1134 1936 inprudens
1158 1891 1303 1921 senex

173 1944 383 1993 Puerum
406 1948 571 2006 illum,
603 1963 813 2008 eumque
838 1947 1034 2008 adoptat
1059 1947 1146 1992 sibi
1171 1964 1263 2008 pro
1292 1946 1413 1992 filio:

172 2017 397 2078 Eumque
418 2020 643 2066 heredem
662 2019 799 2077 fecit,
836 2037 990 2082 quom
1020 2021 1121 2081 ipse
1155 2021 1276 2066 obiit
1306 2019 1448 2066 diem.

171 2091 218 2149 Is
241 2090 335 2135 illic
361 2090 630 2139 adulescens
655 2094 835 2140 habitat
866 2094 916 2140 in
946 2094 1089 2140 illisce
1120 2094 1330 2140 aedibus-

172 2162 411 2209 Revortor
437 2181 591 2210 rursus
623 2165 783 2212 denuo
816 2167 1166 2230 Carthaginem:

172 2233 221 2281 Si
238 2233 358 2294 quid
387 2235 609 2281 mandare
633 2237 770 2281 voltis
806 2249 888 2282 aut
914 2239 1143 2295 curarim,

172 2306 436 2371 Argentum
466 2309 551 2354 nisi
579 2308 664 2369 qui
694 2307 905 2366 dederit,
939 2325 1084 2373 nugas
1111 2311 1267 2374 egerit.

172 2377 354 2425 Verum
383 2381 468 2442 qui
500 2381 711 2440 dederit,
742 2382 887 2447 magis
921 2383 1117 2447 majores
1147 2384 1303 2448 egerit.

1147 2460 1260 2521 A4
