1690 2872
83 184 128 214 v.
166 179 218 221 71
384 159 653 209 ACTUS
706 159 782 205 II.
837 158 940 205 SC.
992 158 1072 205 11.
1269 170 1382 215 4411

11 305 19 315 .
89 268 501 343 Quandoquidem
519 284 605 315 nec
623 267 711 322 tibi
728 266 853 313 bene
873 282 964 312 esse
979 277 1114 328 potes
1131 265 1254 328 pati,
1274 281 1364 311 nec

348 344 492 388 alteri.

537 418 567 451 1³
609 418 643 450 Η
677 418 699 450 1
734 417 765 451 L
801 418 834 452 Τ
870 419 917 452 0.

91 481 197 530 Scio
222 481 454 543 equidem
484 480 602 526 istuc
631 479 696 525 ita
721 480 868 526 solere
896 479 1006 526 fieri.
1036 495 1231 536 verum,
1254 494 1370 542 gna-

350 566 397 601 te
424 554 522 610 mi,

91 630 135 675 Is
163 639 230 675 est
254 626 489 683 inmunis,
521 625 639 686 quoi
665 626 787 684 nihil
804 635 907 682 est,
937 624 1023 685 qui
1054 640 1231 671 munus
1259 623 1373 670 fun-

344 709 478 763 gatur
508 712 666 743 suum.

450 784 481 817 1.
511 784 545 816 Υ
584 783 607 816 s
645 783 666 816 1
701 783 733 816 Τ
770 782 801 815 Ε
836 782 867 816 L
902 781 933 815 E
969 780 1004 814 s.

93 845 258 893 Deum
285 846 463 894 virtute
479 844 709 890 habemus
725 878 739 902 ‚
768 854 816 890 et
834 843 920 904 qui
946 855 1134 889 nosmet
1155 855 1345 890 utamur
1359 879 1375 902 ‚

344 930 504 979 pater,
1113 927 1117 933 ·

94 991 157 1038 Et
182 990 278 1037 aliis
305 990 392 1052 qui
422 990 634 1036 comitati
663 990 805 1034 simus
831 989 1244 1037 benevolentibus.

546 1083 922 1118 PHILTO·

94 1146 208 1193 Non
238 1145 415 1207 edepol
442 1145 531 1191 tibi
562 1160 817 1208 pernegare
849 1161 1043 1207 possum
1074 1144 1343 1206 quidquam
1361 1180 1375 1204 ,

350 1216 489 1277 quod
518 1215 646 1262 velis.

97 1289 282 1360 Quojus
300 1300 552 1354 egestatem
576 1289 776 1335 tolerare
798 1288 900 1336 vis?
927 1290 1130 1351 loquere
1156 1290 1378 1338 audacter

348 1374 483 1426 patu.

453 1447 484 1479 L
518 1447 554 1479 Y
589 1446 612 1479 s
647 1448 668 1479 1
702 1447 735 1479 Τ
771 1447 803 1479 E
840 1448 871 1481 L
904 1448 934 1480 Ε
970 1447 1009 1481 s.

99 1508 366 1556 Lesbonico
388 1508 501 1554 huic
524 1508 839 1564 adulescenti,
861 1507 1142 1555 Charmidae
1172 1511 1300 1569 filio,

104 1579 209 1649 Qui
234 1579 327 1624 illic
357 1578 550 1624 habitat.

549 1656 578 1689 P
614 1655 649 1689 Η
685 1656 707 1689 1
742 1656 774 1690 L
810 1657 842 1689 T
883 1658 930 1692 ο.

349 1715 451 1785 Qui
472 1716 684 1762 comedit
702 1717 838 1776 quod
855 1717 971 1776 fuit,
987 1720 1125 1780 quod
1141 1736 1242 1767 non
1261 1720 1350 1768 fuit
1363 1721 1387 1768 Ξ)

458 1808 491 1842 L
525 1810 561 1843 Y
598 1809 621 1844 s
658 1811 680 1843 1
717 1811 748 1844 Τ
783 1812 814 1844 Ε
850 1813 881 1846 L
916 1813 946 1846 Ε
982 1812 1019 1846 s.

106 1868 181 1916 Ne
218 1869 455 1930 opprobra
474 1903 490 1927 ,
527 1882 670 1932 pater.
716 1874 867 1921 multa
907 1874 1138 1921 eveniunt
1170 1877 1357 1922 homini
1369 1883 1390 1935 ,’

362 1958 483 2003 quae
511 1945 616 1990 volt
630 1978 646 2002 ‚
677 1961 799 2011 quae
830 1948 1008 1993 nevolt.
1166 1988 1169 1989 γ
1334 1964 1402 2017 4

557 2028 586 2062 P
622 2028 658 2062 Η
692 2029 712 2062 1
749 2031 780 2063 L
817 2032 848 2065 ’r
890 2033 939 2066 o.

107 2086 358 2186 Agedum,
379 2089 616 2149 eloquere.
639 2091 761 2152 quid
784 2093 893 2139 dare
910 2094 979 2140 illi
997 2109 1125 2141 nunc
1143 2094 1245 2142 vis?

465 2180 497 2213 L
533 2181 566 2214 Υ
605 2181 628 2215 s
665 2183 687 2215 1
724 2183 755 2215 Τ
790 2185 821 2217 Ε
856 2186 886 2217 L
923 2187 953 2218 E
991 2186 1028 2219 s.

768 2242 899 2288 Nihil
924 2244 1195 2306 quidquam
1213 2279 1227 2303 ,
1245 2245 1392 2307 pater}

61 2307 79 2362 Ι
111 2309 375 2376 Sapie-ntiae
402 2323 522 2359 aetas
550 2312 915 2363 condimentum
931 2317 1010 2365 ’stz
1040 2319 1218 2381 sapiens
1246 2317 1383 2365 aetati

365 2388 497 2435 cibus
526 2400 606 2437 est.
