1630 2866
238 194 327 256 136
556 190 1200 243 PSEUDQLUS.
1383 211 1513 259 *243

232 306 398 375 Quam
426 302 646 350 libertam
674 300 772 346 fore
798 300 916 346 mihi
946 301 1159 361 credam,
1198 314 1246 350 et
1273 320 1418 365 quam
1436 321 1518 352 ve-
1585 307 1588 310 ’

488 377 643 421 nalem
664 409 677 432 ‚
700 375 861 431 ‚hodie
895 376 1113 436 experiar.

234 450 393 498 Facite
413 449 560 496 hodie
574 485 586 505 ‚
611 460 665 494 ut
684 448 799 493 mihi
818 465 1015 495 munera
1036 451 1187 497 multa
1203 451 1297 498 huc
1313 452 1374 499 ab
1394 456 1518 499 amah

491 523 673 569 toribus
700 523 1002 568 conveniant.
1087 570 1090 573 ,

234 597 362 646 Nam
395 597 482 642 nisi
517 612 669 657 penus
714 611 897 646 annuus
934 595 1082 644 hodie
1119 595 1380 653 convenit,
1421 612 1519 642 cras

489 671 675 731 populo
707 670 988 733 prosjituam
1013 687 1110 716 Vos.

235 741 454 802 Natalem
478 741 598 786 scitis
621 733 739 791 milii
757 740 888 790 diem
918 757 1010 791 esse
1036 741 1180 786 hunc.
1197 741 1281 790 ubi
1298 739 1371 790 isti
1388 744 1522 795 εωιίς,η

491 813 665 874 quibus
699 829 783 858 vos
811 814 936 859 oculi
963 813 1099 859 estis?

236 887 429 957 Quibus
457 887 622 944 vitae,.
643 887 819 948 quibus
855 887 1045 936 deliciae
1077 887 1217 933 estis?
1250 887 1423 949 quibus
1452 904 1520 935 sa-

498 961 612 1006 via?
646 960 906 1005 mammilla
925 961 946 1005 ?
975 962 1213 1007 mellitae?

238 1033 572 1094 Manipulatim
602 1032 722 1077 mihi
746 1033 1081 1095 munerigeruli
1105 1034 1242 1083 facite
1263 1045 1371 1084 ante
1394 1035 1520 1082 aedis

485 1106 584 1168 jam
618 1104 694 1148 hic
729 1105 874 1153 assint.

239 1181 338 1238 Cur
365 1198 451 1245 ego
483 1190 693 1237 vestem,
726 1196 927 1236 aurum,
954 1191 1097 1241 atque
1132 1198 1212 1239 ea,
1241 1182 1417 1242 quibus
1452 1193 1520 1229 est

493 1253 630 1301 vobis
660 1253 796 1310 usui,
830 1254 1120 1321 praehibeo?
1147 1254 1268 1315 quid
1297 1255 1414 1300 mihi

241 1329 414 1387 Domi,
444 1328 530 1377 nisi
560 1327 740 1374 malum
758 1361 771 1384 ‚
805 1339 958 1373 vostra
985 1344 1126 1389 opera
1155 1338 1222 1374 est
1246 1328 1416 1386 hodie,
1445 1329 1520 1375 ina

492 1401 668 1463 probae
685 1400 707 1443 Ξ)
738 1400 851 1446 vino
882 1401 1031 1447 modo
1066 1402 1265 1464 cupidae
1293 1402 1416 1448 estis:

240 1477 313 1525 Eo
343 1491 428 1524 vos
449 1485 629 1522 vostros
654 1473 860 1535 pantices
881 1491 1031 1535 usque
1061 1475 1178 1521 adeo
1200 1472 1487 1524 madefacitis
1501 1509 1518 1533 ‚

495 1566 648 1610 quom
682 1564 771 1612 ego
800 1549 886 1595 sim
916 1549 990 1595 hic
1018 1550 1171 1596 siccus.

241 1623 290 1671 N
292 1639 386 1670 unc
406 1620 524 1668 adeo
547 1621 636 1666 hoc
663 1618 842 1667 factum
861 1621 915 1666 ’st
934 1631 1191 1683 optumum
1207 1656 1222 1678 ,
1249 1632 1304 1668 ut
1320 1623 1519 1680 nomine

494 1711 735 1755 quamque
762 1696 998 1754 appellem
1022 1711 1135 1741 suo:

240 1768 315 1815 Ne
336 1767 517 1816 dictum
538 1784 631 1815 esse
653 1777 870 1814 actutum
886 1767 971 1817 sibi
990 1769 1238 1829 quaepiam
1255 1778 1519 1814 vostrarum

494 1840 612 1886 mihi
631 1849 785 1903 neget.
805 1838 1039 1885 advortite
1055 1840 1270 1886 animum
1286 1851 1496 1887 cunctae.

168 1960 173 1970 ,
240 1914 500 1977 Principi0‚
521 1913 787 1975 Hedylium
802 1946 815 1968 ‚
835 1923 997 1961 tecum
1019 1929 1138 1976 agO,
1152 1930 1272 1974 quae
1298 1914 1448 1962 amica
1473 1930 1520 1962 es

498 1984 809 2035 frumentariis
826 2019 841 2042 ,

237 2061 430 2131 Quibus
456 2059 634 2107 cunctis
663 2069 851 2107 montes
879 2060 1092 2110 maxumi
1121 2060 1271 2110 acervi
1291 2058 1517 2110 frumenti

492 2144 603 2179 sunt
641 2133 806 2178 domi:

238 2206 327 2263 fac
354 2205 409 2257 sis
439 2206 497 2255 sit
522 2206 733 2251 delatum
762 2205 858 2251 huc
887 2206 1005 2252 mihi
1035 2177 1353 2262 frumentum,
1384 2205 1514 2253 hunc

489 2297 670 2326 annum
691 2279 827 2340 quod
847 2279 949 2324 satis

239 2351 357 2402 Mihi
371 2387 386 2414 2
413 2353 555 2400 etiarn
575 2351 775 2398 familiae
794 2351 927 2397 omni
956 2353 1013 2396 sit
1040 2363 1192 2397 meae:
1229 2355 1372 2405 atque
1393 2343 1512 2393 adeo

489 2436 544 2473 ut
573 2424 814 2474 frumento
843 2423 1028 2471 affluam
1045 2455 1060 2481 2
