1630 2866
234 208 294 255 52
579 190 1159 267 POENULUS.
1387 176 1515 261 v.'33

542 316 1235 352 COLLYBISCUS.

691 375 846 437 Capiti
885 387 1045 422 vostro
1082 377 1200 423 istuc
1229 377 1443 439 quidem.

588 461 624 494 A
660 462 696 494 D
733 461 768 495 V
807 462 839 494 o
876 463 903 494 c
941 461 976 494 A
1011 462 1044 495 Τ
1080 462 1116 495 U
1152 462 1190 496 s.

236 522 380 570 Hunc
410 537 541 568 nunc
559 556 573 579 ‚
605 521 763 584 Lyce,
788 522 847 568 ad
875 534 950 580 te,
982 523 1336 585 diripiendum,
1361 527 1517 575 addu-

481 596 644 640 cimus.

519 682 1220 718 COLLYBISCUS.

228 745 351 791 Cum
379 742 555 804 praeda
581 742 658 787 hic
682 742 827 788 hodie
854 743 1046 789 incedet
1070 755 1268 790 venator
1293 744 1513 792 domum.

226 819 375 864 Canes
405 817 691 877 conpellunt
722 817 773 862 in
806 818 961 882 plagas
995 817 1154 880 lepide
1187 818 1390 882 Lycum.

709 911 742 944 L
779 911 812 945 Y
850 912 876 944 G
914 911 949 944 U
986 911 1024 948 S·

223 963 343 1033 Quis
366 963 443 1010 hic
468 964 569 1010 est?

576 1048 610 1081 A
647 1049 682 1080 D
720 1049 756 1082 v
794 1049 826 1081 o
867 1049 893 1080 c
932 1048 967 1080 A
1005 1049 1036 1081 T
1072 1048 1110 1089 u
1146 1048 1184 1081 s,

471 1107 718 1155 Nescimus
747 1125 834 1154 nos
862 1109 1006 1154 istum
1036 1110 1235 1170 quidem
1252 1143 1266 1166 ,
1296 1109 1383 1171 qui
1411 1110 1510 1156 siet.

219 1181 320 1227 Nisi
348 1179 540 1226 dudum
570 1197 596 1225 a
625 1180 754 1225 mani
778 1191 835 1226 ut
861 1179 922 1225 ad
946 1191 1146 1242 portum
1170 1180 1506 1241 processimus,

220 1255 384 1315 Atque
411 1250 565 1301 istunc
600 1270 626 1298 e
657 1253 764 1299 navi
794 1264 1052 1298 exeuntem
1086 1252 1296 1297 oneraria

219 1326 466 1374 Videmus.
503 1327 618 1372 adiit
644 1326 706 1373 ad
741 1343 828 1373 nos
863 1326 1110 1387 extemplo
1141 1325 1326 1379 exiens;

216 1399 422 1447 Salutat:
458 1400 808 1462 respondemus.

514 1486 1212 1520 COLLYBISCUS.

815 1547 1037 1594 Mortales
1067 1548 1242 1593 malos!

218 1620 283 1667 Ut
311 1621 639 1685 ingrediuntur
674 1621 815 1668 docte
842 1622 892 1667 in
925 1621 1306 1685 sycophantiam!

708 1717 739 1750 I.
775 1718 809 1750 Y
847 1718 874 1750 C
912 1717 948 1750 U
982 1717 1020 1751 S.

220 1767 361 1836 Quid
396 1765 573 1812 deinde
590 1767 612 1812 Ρ

571 1852 607 1884 Α
644 1850 679 1882 D
719 1849 754 1882 V
794 1849 825 1881 Ο
862 1849 889 1881 C
926 1848 961 1881 A
1001 1848 1032 1881 T
1069 1849 1104 1881 U
1138 1848 1175 1882 S.

604 1909 886 1956 Sermonem
915 1907 1165 1954 nobiscum
1193 1907 1260 1954 ibi
1290 1909 1496 1970 copulat.

210 1985 294 2031 Ait
326 2001 372 2030 se
398 1983 701 2048 peregrinum
733 1998 826 2027 esse
859 1982 997 2045 hujus
1023 1982 1243 2045 ignarum
1277 1982 1461 2044 oppidi.

213 2058 401 2104 Locum
440 2057 528 2102 sibi
565 2057 688 2102 velle
717 2056 925 2101 liberum
952 2055 1243 2115 praeberier,

213 2131 309 2177 Ubi
332 2146 541 2191 nequam
566 2128 713 2175 faciat.
741 2145 828 2174 nos
854 2129 1103 2176 hominem
1130 2131 1191 2176 ad
1216 2142 1263 2176 te
1290 2129 1494 2176 adduxi-

461 2218 580 2248 mus,

209 2277 290 2322 Tu
305 2313 318 2334 ‚
344 2277 378 2322 si
401 2287 449 2322 te
467 2276 548 2322 Dii
576 2287 763 2334 amant,
790 2292 927 2340 agere
946 2286 1081 2322 tuam
1105 2292 1206 2323 1em
1225 2272 1401 2321 occasio
1419 2271 1486 2318 ’st.

706 2371 737 2403 1.
774 2370 808 2403 Y
843 2371 872 2404 c
908 2369 943 2402 U
977 2368 1014 2402 s.

207 2429 338 2474 Itane
356 2414 445 2474 ‘ille
476 2441 542 2475 est
571 2429 800 2491 cupiens?
