1630 2866
284 158 375 204 332
707 144 1138 196 RUDENS.
1474 164 1564 211 v.3

282 250 330 296 Si
358 252 498 314 sapias
515 285 528 309 ,
559 253 722 314 sapias:
753 254 919 302 habeas
950 257 1085 318 quod
1112 257 1195 304 Dii
1220 257 1406 306 danunt
1430 257 1575 306 boni.-
1604 294 1607 298 -

670 349 705 381 D
744 350 779 383 A
814 351 843 383 Ε
881 353 923 385 Μ
963 352 995 385 o
1032 354 1066 386 N
1099 353 1130 386 E
1166 353 1204 387 s.

280 405 506 467 Aequom
522 409 711 455 videtur
725 411 842 469 tibi,
866 423 921 458 ut
940 428 1028 477 ego
1044 447 1058 471 ,
1084 409 1291 460 alienum
1310 413 1449 475 quod
1470 424 1567 471 est,

279 479 449 528 Meum
475 500 567 529 esse
600 484 793 530 dicam?

738 570 768 603 G
807 573 839 605 R
877 572 897 604 I
933 573 960 606 P
998 573 1034 607 U
1071 573 1109 607 S.

801 631 1016 700 Quodne
1043 649 1129 696 ego
1152 633 1313 679 inveni
1342 632 1393 680 in
1414 633 1567 680 mari?

670 718 705 750 D
743 718 776 750 A
815 718 845 750 Ε
883 720 925 751 Μ
965 719 996 751 o
1037 721 1069 752 N
1109 720 1140 752 Ε
1177 719 1212 753 s.

282 775 438 821 Tanto
470 777 639 822 melius
671 779 738 823 illi
769 778 967 842 obtigit,
1007 780 1091 840 qui
1125 779 1366 841 perdidit:

281 848 448 894 Tuum
483 866 575 896 esse
606 851 756 898 nihilo
788 853 932 916 magis
960 864 1154 915 oportet
1183 853 1421 901 vidulum.

735 938 767 971 G
804 939 836 971 R
874 939 892 970 I
928 938 955 971 P
995 938 1030 970 U
1065 937 1102 971 S.

237 1051 242 1056 ·
280 994 376 1039 Isto
405 1005 459 1040 tu
488 1012 669 1057 pauper
697 1014 770 1054 es,
801 1014 954 1057 quom
984 998 1122 1043 nimis
1145 1009 1298 1044 sancte
1331 998 1418 1059 piu
1438 999 1482 1043 ⁹5.

671 1084 707 1115 D
745 1082 778 1114 A
813 1083 843 1115 E
880 1083 921 1115 M
963 1083 995 1115 o
1036 1084 1068 1115 N
1104 1083 1133 1115 Ε
1173 1083 1212 1116 s.

281 1138 330 1183 O
351 1139 515 1200 Gripe,
554 1140 725 1202 Gripe‚
762 1141 812 1186 in
839 1151 986 1187 aetate
1014 1141 1268 1187 hominum
1295 1142 1532 1203 plurimae

279 1211 426 1257 Fiunt
462 1223 734 1258 transennae
751 1248 764 1270 ‚
797 1213 882 1259 ubi
915 1212 1217 1275 decipiuntur
1253 1213 1387 1259 dolis.

281 1283 443 1345 Atque
463 1285 635 1347 edepol
658 1286 707 1330 in
732 1303 802 1331 eas
827 1287 1113 1347 plerumque
1143 1303 1242 1333 esca
1259 1287 1532 1349 inponitur:

282 1358 445 1426 Quam
474 1359 510 1404 si
535 1359 638 1424 quis
671 1359 834 1405 avidus
857 1360 1009 1420 poscit
1029 1377 1181 1407 escam
1196 1362 1436 1420 'avariter‚

280 1430 531 1493 Decipitur
562 1433 612 1479 in
642 1444 889 1480 transenna
918 1435 1106 1481 avaritia
1134 1453 1230 1482 sua.

281 1506 369 1551 Ille
401 1507 485 1567 qui
509 1509 750 1565 consulte,
791 1507 935 1553 docte
960 1519 1106 1569 atque
1137 1520 1288 1555 astute
1324 1518 1494 1567 cavet,

282 1579 483 1626 Diutine
512 1580 584 1626 uti
615 1581 741 1627 bene
773 1581 883 1626 licet
915 1592 1105 1641 partum
1129 1583 1282 1628 bene:

282 1652 405 1699 Mihi
443 1653 579 1699 istaec
607 1655 795 1701 videtur
830 1654 1003 1715 praeda
1035 1656 1316 1716 praedatum
1349 1654 1485 1710 irier,

283 1725 350 1771 Ut
377 1743 488 1772 cum
515 1729 692 1792 majore
722 1727 834 1772 dote
868 1727 1003 1772 abeat
1020 1761 1033 1783 ‚
1071 1743 1218 1787 quam
1243 1726 1496 1774 advenerit.

282 1798 449 1862 Egone
487 1811 543 1845 ut
578 1800 713 1860 quod
746 1799 807 1845 ad
840 1815 919 1844 me
962 1798 1173 1846 adlatum
1217 1816 1310 1847 esse
1353 1799 1561 1844 alienum

539 1889 678 1918 sclam
695 1906 709 1929 ‚

287 1948 488 1993 Celem?
518 1948 736 1993 minume
761 1948 882 1993 istuc
908 1946 1046 1992 faciet
1072 1956 1233 1991 noster
1251 1944 1528 1991 Daemones.

286 2019 485 2080 Semper
510 2036 672 2067 cavere
698 2021 788 2066 hoc
818 2019 1045 2080 sapientes
1078 2017 1430 2077 aequissumum
1447 2015 1534 2071 'st3

285 2092 359 2138 Ne
393 2094 567 2138 conscii
602 2093 693 2138 sint
724 2093 811 2154 ipsi
843 2093 1080 2139 maleficiis
1109 2091 1211 2137 suis.
1427 2151 1431 2155 Ι
1540 2086 1544 2089 ’

284 2167 387 2230 Ego
405 2166 525 2212 mihi
545 2183 696 2227 quom
721 2167 837 2223 lusi,
867 2167 936 2212 nil
953 2182 1114 2212 moror
1140 2164 1297 2209 ullum
1324 2163 1524 2240 lucrum:

742 2251 774 2284 G
811 2253 845 2285 R
880 2252 899 2283 1
936 2251 964 2284 P
1003 2251 1037 2283 U
1075 2250 1114 2283 s.

285 2310 500 2371 Spectavi
525 2327 611 2376 ego
633 2311 821 2372 pridem
842 2310 1058 2356 Comicos
1078 2307 1138 2353 ad
1154 2307 1295 2351 istum
1315 2302 1518 2349 modum

287 2382 529 2444 Sapienter
563 2384 689 2429 dicta
722 2383 904 2439 dicere,
932 2394 1076 2441 atque
1102 2379 1153 2423 iis
1184 2376 1400 2438 plaudier
1419 2410 1433 2433 ,
