1630 2866
225 119 319 179 358
424 118 429 122 ’
632 116 1107 166 STICHUS.
1330 119 1518 191 ·v.38

585 235 615 269 Ρ
653 233 758 285 &N
795 234 826 267 E
866 234 898 268 G
934 237 968 270 Y
1003 238 1038 271 n
1071 237 1170 293 ps.

825 296 951 350 Nam
984 298 1071 359 qui
1092 298 1229 362 Jam?

346 421 349 424 ,
621 382 652 416 Ρ
687 382 708 415 1
745 383 779 416 N
819 381 852 414 A
889 384 916 416 c
953 383 974 416 1
1012 383 1047 416 U
1083 384 1138 417 M.

230 444 361 516 Quia
393 445 478 508 pol
511 460 622 490 meo
664 444 826 490 animo
862 461 1030 490 omnes
1067 445 1296 507 sapientes

229 520 382 566 Suum
409 518 617 565 officium
654 534 866 579 aequom
889 519 943 564 ’st
973 521 1129 567 colere
1149 555 1163 578 ‚
1202 531 1250 566 et
1279 519 1438 567 facere.

231 593 569 664 Quamobrem
596 608 683 655 ego
700 602 748 637 te
761 591 854 638 hoc
866 628 879 650 ‚
905 610 1036 650 sotor
1051 628 1064 651 ‚
1085 593 1272 654 tametsi
1290 610 1337 640 es
1351 595 1525 660 major,

231 667 412 712 Moneo
431 701 445 722 ,.,
469 676 525 710 ut
556 675 699 710 tuum
727 666 997 712 memineris
1025 667 1248 715 officium.

232 743 323 800 Et,
359 743 395 788 si
425 742 493 787 illi
522 741 714 803 inprobi
742 742 834 788 sint
853 776 867 799 ‚
906 754 1052 803 atque
1079 743 1214 791 aliter

233 815 333 861 Nos
359 815 528 860 faciant
544 847 558 872 ‚
586 830 734 875 quam
770 832 982 876 aequom
1005 816 1084 862 ’st:
1121 827 1283 865 tamen
1309 815 1394 878 pol
1412 863 1422 867 ,

233 891 309 937 Ne
341 890 462 952 quid
490 889 635 953 magis
665 889 810 936 simus
839 879 1065 938 omnibns
1087 891 1326 939 obnoxiae
1358 887 1534 951 opibus

235 963 464 1010 Nostrum
494 962 702 1010 officium
739 965 1008 1010 meminisse
1037 964 1204 1011 decen

594 1057 622 1088 P
658 1056 694 1089 A
728 1058 762 1090 N
797 1058 828 1090 E
868 1056 901 1089 G
937 1057 972 1089 Y
1006 1058 1041 1091 R
1076 1057 1097 1089 1
1132 1056 1172 1089 S.

207 1143 209 1146 -
235 1110 418 1158 Placet:
457 1118 604 1154 taceo.

620 1185 649 1218 Ρ
686 1184 707 1216 1
743 1185 777 1218 N
813 1184 847 1218 A
884 1186 911 1218 c
947 1185 967 1218 1
1005 1185 1041 1218 U
1078 1185 1132 1225 Μ,

622 1246 687 1293 At
714 1247 985 1292 memineris
1017 1246 1174 1292 facito.

594 1334 624 1366 P
661 1333 695 1365 A
731 1333 764 1366 Ν
802 1333 831 1364 E
872 1333 904 1365 G
943 1333 976 1365 Y
1016 1334 1048 1366 R
1085 1333 1106 1365 1
1145 1331 1219 1374 8.,

238 1398 366 1444 Nolo
395 1411 509 1460 ego,
533 1410 686 1451 soror,
716 1410 797 1439 me
819 1394 947 1443 credi
968 1410 1061 1439 esse
1078 1393 1395 1440 inmemorem
1411 1390 1528 1448 vi1i5

1341 412 1356 431 λ

241 1470 414 1530 Neque
428 1469 507 1512 ille
521 1484 597 1512 eos
610 1467 831 1523 honores,
843 1465 961 1511 mihi
973 1481 1095 1526 quos
1108 1465 1294 1522 habuit,
1305 1463 1528 1526 perdidit.
1587 1462 1595 1465 “

239 1545 363 1591 Nam
396 1542 514 1589 mihi
555 1542 640 1603 pol
682 1551 809 1604 grata
843 1550 1133 1602 acceptaque
1164 1539 1306 1603 h'ujus
1342 1548 1410 1584 est
1443 1537 1530 1584 be-

492 1623 718 1677 mgmtas:

1202 1659 1229 1671 N

154 1706 161 1711 “
235 1692 299 1740 Et
317 1707 396 1735 me
419 1687 620 1750 quidem
644 1687 757 1734 haec
784 1687 995 1734 conditio
1016 1695 1145 1734 nunc
1163 1701 1265 1752 non
1283 1683 1527 1747 poenitet:

238 1765 412 1825 Neque
443 1773 510 1808 est
527 1796 542 1820 ‚
575 1778 661 1808 cur
692 1778 822 1811 nunc
848 1761 1064 1813 studeam
1094 1761 1174 1808 has
1203 1759 1530 1825 nuptia-samu-

493 1847 644 1882 tanet.

241 1912 429 1959 Verum
457 1922 705 1972 postremo
726 1909 777 1956 in
807 1909 951 1971 patris
982 1917 1213 1972 potestate
1236 1906 1508 1965 estsitunu-

242 1985 539 2034 Faciendum
570 1983 620 2029 id
655 1982 794 2031 nobis
822 1982 960 2044 quod
989 1993 1204 2043 parentes
1234 1980 1482 2043 impetant.

629 2079 657 2112 Ρ
695 2079 715 2111 1
753 2079 786 2113 N
823 2077 859 2110 A
892 2078 921 2110 c
959 2077 977 2110 1
1019 2076 1053 2108 U
1089 2077 1147 2110 M.

238 2140 375 2199 Scio,
408 2151 554 2201 atque
586 2140 636 2185 in
672 2138 928 2202 cogitando
962 2152 1176 2183 maerore
1205 2149 1390 2198 augeor.
1435 2148 1453 2174 ’.

237 2216 360 2262 Nam
372 2210 735 2277 propemodum
740 2224 840 2277 jam
858 2210 1066 2257 ostendit
1082 2226 1214 2256 suam
1226 2205 1525 2254 sententiam.

591 2309 622 2343 P
659 2308 709 2342 A'
731 2309 763 2342 N
799 2308 831 2340 E
870 2307 901 2341 G
940 2307 972 2339 Y
1009 2307 1043 2339 R
1081 2304 1102 2336 1
1137 2302 1174 2335 S.

235 2371 384 2434 Igitur
407 2386 714 2433 quaeramus,
734 2368 870 2414 nobis
899 2365 1019 2427 quid
1050 2362 1175 2408 facto
1197 2374 1307 2406 usus
1335 2358 1406 2405 sit.
