1630 2866
176 207 265 253 242
588 188 633 234 R
666 187 708 233 U
741 187 788 234 D
823 188 862 234 E
898 188 942 234 N
975 188 1018 235 S.
1324 206 1368 238 v.
1397 205 1456 238 20

527 304 550 337 S
589 305 616 337 C
655 305 685 337 E
724 305 752 338 1>
788 304 823 338 A
859 305 892 340 R
927 306 960 339 N
995 305 1016 339 1
1053 306 1101 340 Ο.

169 369 281 415 Tibi
293 364 491 428 quidem
510 365 666 411 hercle
678 399 694 422 ‚
711 365 920 426 quisquis
937 383 997 424 es,
1013 383 1241 431 magnum
1250 371 1454 429 malum,

172 443 275 511 Qui
306 440 515 486 oratione
546 438 621 483 hic
651 455 737 484 nos
763 450 1018 500 occupatos
1047 456 1262 503 occupes.

428 541 1196 578 PLEUSIDIPPUS.

167 601 379 648 Isticcine
408 616 492 647 vos
522 599 775 646 habitatis?

527 694 550 728 s
589 694 615 726 c
651 693 681 726 Ε
717 694 745 726 Ρ
784 693 817 726 A
855 696 889 728 R
925 695 959 728 N
993 695 1015 728 1
1053 695 1099 729 o.

778 754 915 824 Quid
945 767 1001 802 tu
1036 756 1089 802 id
1122 756 1388 817 quaeritas?

164 827 241 875 An
273 843 372 889 quo
403 826 612 873 furatum
640 844 758 874 mox
788 830 974 890 venias,
1004 830 1198 896 vestigas
1228 831 1369 878 loca?

426 928 1184 966 PLEUSIDIPPUS.

163 994 463 1040 Peculiosum
492 1009 584 1037 esse
619 991 756 1037 decet
785 1009 802 1037 s
833 1009 969 1039 rvom
998 1003 1047 1038 et
1082 993 1321 1054 probum‚”

163 1067 328 1135 Quem
359 1065 471 1109 hero
501 1073 745 1124 praesente
756 1065 1034 1124 fpfaetereat
1074 1066 1256 1116 orati03

163 1140 263 1185 Aut
286 1139 372 1199 qui
400 1137 708 1182 inclementer
735 1136 859 1182 dicat
888 1137 1075 1182 homini
1112 1138 1278 1184 libero.

524 1229 1101 1267 SCEPARNIO.

162 1301 227 1351 Et
244 1302 527 1365 inpudicum
545 1311 592 1347 et
610 1299 932 1362 inpudentem
953 1299 1199 1347 hominem
1228 1301 1451 1362 addecet,

164 1378 423 1423 Molestum
455 1378 581 1422 ultro
608 1375 830 1422 advenire
859 1375 922 1421 ad
953 1376 1154 1458 alienam
1186 1377 1417 1436 domum,

164 1451 298 1521 Quoi
330 1451 562 1496 debeatur
594 1450 726 1495 nihil.
1142 1466 1147 1469 ·

552 1545 589 1577 D
625 1543 661 1577 A
696 1544 726 1576 E
765 1545 808 1578 M
846 1545 878 1578 O
917 1546 950 1579 N
987 1545 1016 1578 E
1053 1545 1092 1579 S.
1124 1552 1139 1569 ⁸

741 1605 867 1651 Tace
885 1640 899 1663 ,
930 1604 1196 1668 Sceparnio.

165 1680 303 1749 Quid
333 1697 451 1743 opus
469 1713 483 1738 ‚
523 1679 825 1737 adulescens,
855 1681 958 1726 est?

424 1771 1188 1808 PLEUSIDIPPUS.

953 1835 1035 1880 Isti
1063 1833 1416 1894 infortunium,

163 1909 268 1978 Qui
302 1908 624 1971 praefestinet,
654 1907 742 1954 ubi
771 1908 911 1954 herus
944 1907 1076 1965 assit,
1115 1907 1379 1969 praeloqui.

162 1982 258 2028 Sed
292 1983 377 2027 nisi
413 1983 670 2028 molestum
693 1981 770 2038 ’st,
801 1980 960 2043 paucis
994 1979 1316 2043 percontarier

161 2054 589 2120 Voloegoexte.

551 2138 1079 2173 DAEMONES.

538 2202 747 2249 Dabitur
779 2218 951 2263 opera,
983 2213 1126 2262 atque
1157 2202 1210 2247 in
1236 2173 1445 2264 negotio.

520 2297 541 2331 S
580 2298 606 2329 c
643 2297 673 2328 Ε
711 2296 737 2328 P
778 2295 813 2328 A
848 2297 881 2329 R
915 2296 947 2328 N
984 2295 1005 2327 1
1042 2292 1088 2327 ο.

163 2364 299 2431 Quin
328 2374 385 2408 tu
412 2363 462 2408 in
491 2361 756 2424 paludem
746 2377 808 2417 1s‚
833 2359 1097 2419 exsicasque
1123 2355 1400 2416 arundines,

164 2436 266 2503 Qui
297 2446 595 2498 pertegamus
623 2434 816 2490 villam,
854 2432 973 2477 dum
1000 2430 1178 2476 sudum
1197 2428 1281 2476 'sti'

159 2187 201 2211 -O.
