1630 2866
55 182 185 232 v.3o
350 161 640 212 ACTUS
693 159 754 207 V.
810 158 916 207 SC.
960 158 1059 206 IV.
1244 173 1337 219 409

414 280 992 317 SAGARINUS.

61 350 243 413 Lepide
273 350 363 397 hoc
394 363 551 396 actum
576 352 641 396 ’st.
678 351 768 396 tibi
797 350 1005 412 propino
1032 349 1338 396 cantharum:

319 425 488 471 vinum
516 434 571 468 tu
599 423 757 469 habes.

59 492 214 544 Nimis
241 498 416 545 vellem
444 495 626 556 aliquid
652 495 967 557 pulpamenti.

483 589 506 623 S
546 589 577 622 Τ
611 589 633 622 1
669 590 696 623 C
732 589 767 622 Η
803 589 837 623 U
876 589 911 623 S·

441 658 490 706 Si
511 659 687 706 horum
702 694 717 718 ,
740 677 863 722 quae
880 670 1038 706 assunt
1051 694 1066 718 ,
1090 656 1308 722 poenitet
1323 690 1340 714 ‚

62 732 192 779 Nihil
218 744 295 779 est.
323 744 436 780 tene
454 749 637 794 aquam.

416 824 993 860 SAGARINUS.

506 890 675 939 Melius
695 892 828 940 dicis:
856 894 1100 940 nilmoror
1122 890 1334 952 cupedia.

60 966 206 1023 Bibe,
230 965 431 1012 tibicen.
455 981 568 1029 age,
592 966 630 1010 si
647 965 766 1026 quid
790 965 892 1030 agis.
918 965 1212 1021 bibendum,
1236 963 1341 1008 her-

319 1040 420 1095 cle,
450 1037 543 1083 hoc
573 1049 670 1095 est,
699 1054 759 1084 ne
787 1055 919 1102 nega.

62 1111 203 1184 Quid
223 1112 299 1158 hic
316 1071 487 1157 fastidis
501 1145 516 1168 ‚
560 1112 697 1172 quod
715 1111 993 1159 faciundum
1011 1109 1142 1157 vides
1165 1126 1257 1155 esse
1280 1110 1341 1154 ti-

308 1186 392 1232 bi?
427 1185 548 1246 quin
580 1185 738 1232 bibis?

56 1258 183 1325 Age,
206 1260 243 1306 si
268 1259 388 1320 quid
419 1259 531 1323 agis:
565 1260 751 1322 accipe,
780 1261 992 1321 inquam.
1024 1275 1127 1305 non
1146 1259 1237 1304 hoc
1262 1258 1337 1303 in-

311 1330 500 1392 pendet·
517 1332 782 1392 publicum.
932 1341 934 1343 '

58 1402 204 1449 Haud
222 1413 364 1448 tuum
380 1403 496 1448 istuc
514 1414 648 1449 est'te
668 1404 831 1450 vereri.
863 1402 989 1462 eripe
1011 1417 1072 1446 ex
1092 1417 1172 1447 ote
1190 1401 1338 1450 tibias.

482 1501 915 1535 STICHUS.

56 1570 151 1617 Ubi
188 1570 283 1615 illic
314 1570 486 1616 biberit
504 1605 519 1627 ‚
555 1572 635 1616 vel
667 1556 861 1619 servato'
887 1585 1055 1615 meum
1096 1570 1302 1615 modum
1321 1605 1335 1627 ,

309 1644 387 1688 vel
416 1655 471 1688 tu
506 1643 631 1689 dato.

57 1716 186 1763 Nolo
223 1731 308 1779 ego
343 1731 428 1760 nos
463 1732 552 1777 pro
593 1733 780 1763 summo
814 1716 989 1763 bibere.
1028 1715 1151 1760 nulli
1183 1715 1340 1761 teleri-

311 1803 417 1832 mus
449 1799 639 1848 postea:

56 1862 278 1922 Namque
312 1861 517 1922 edepol,
559 1861 774 1922 quamvis
817 1859 1039 1906 desubito
1081 1860 1160 1905 vel
1197 1826 1338 1905 cadus

317 1924 443 1981 vcirti
468 1945 636 1995 potest.

416 2025 438 2058 S
477 2024 513 2057 A
548 2025 582 2058 G
616 2021 651 2058 A
689 2027 723 2060 R
757 2026 778 2058 1
813 2026 848 2059 N
884 2026 920 2058 U
960 2025 995 2059 S.

58 2092 194 2163 Quid
214 2092 352 2156 igitur
365 2091 387 2136 Ρ
414 2108 709 2153 quamquam
726 2103 936 2156 gravatus
953 2091 1107 2150 fuisti,
1128 2107 1232 2138 non
1248 2107 1340 2137 no-

314 2177 412 2211 cuit
437 2177 614 2211 tamen.

58 2236 159 2302 Age
178 2271 192 2295 ‚
224 2237 403 2283 tibicen
420 2272 433 2294 ,
478 2237 674 2298 quando
708 2235 866 2282 bibisti
883 2271 897 2293 ‚
940 2235 1060 2281 refer
1096 2236 1159 2280 ad
1198 2236 1339 2282 labias

316 2309 475 2366 tibias,

61 2379 200 2428 Suffla
217 2381 425 2429 celeriter
442 2381 529 2426 tibi
544 2380 727 2439 buccas,
741 2381 871 2442 quasi
887 2395 1164 2443 proserpens
1177 2381 1335 2429 bestia.
