1598 2814
196 165 288 224 ss4
421 129 1468 227 TRUCULENTus·m„

369 283 1243 333 ‘STRATOPHANEQ

194 349 389 395 Meosne
423 358 540 393 ante·
571 347 734 393 oculos
768 361 856 410 ego
886 344 1017 390 illam
1050 346 1196 406 patiar
1231 345 1343 392 alios
1375 337 1476 391 am*—

449 419 715 481 plexarier?

197 493 449 540 Mortuum
490 493 646 538 hercle
689 507 769 537 me
805 491 933 538 duco
963 491 1111 537 satius.
1145 490 1324 539 abstine
1358 490 1476 547 hoc,

458 566 655 622 mulier,
685 566 914 611 manum!

196 638 296 685 Nisi
329 640 365 686 si
398 650 447 686 te
479 656 586 685 mea
621 638 847 685 manubia
884 640 1129 686 machaera
1163 648 1210 684 et
1245 639 1376 685 hunc
1409 637 1479 684 vis

459 731 624 760 emon.

525 812 554 843 P
594 810 628 843 H
663 811 696 844 R
738 808 769 841 Ο
808 809 843 841 N
877 808 907 841 E
946 807 968 842 S
1004 809 1025 840 I
1061 807 1098 840 U
1133 808 1192 842 M.

202 877 334 922 Nihil
353 870 560 942 φλυαρεῖν
576 874 694 920 satiu
711 876 947 934 ’st,.miles.
965 876 1001 921 si
1014 887 1063 922 te
1076 875 1219 921 amari
1235 874 1463 935 p'ostulas,

202 949 332 996 Auro
345 986 358 1007 ,
379 948 508 994 haud
534 948 654 994 ferro
674 947 908 995 deterrere
925 960 1062 1011 potes
1077 983 1090 1007 ‚
1106 963 1168 994 ne
1187 957 1341 1004 amet,
1359 945 1483 994 Stra*

459 1023 704 1084 tophanes.

467 1115 1259 1159 STRATOPHANES.

202 1187 304 1258 Qui
319 1220 332 1243 ‚
362 1187 544 1231 malum
558 1219 572 1241 ,
597 1185 722 1230 bella
746 1195 827 1229 aut
849 1183 997 1230 faceta
1017 1199 1062 1228 es
1079 1217 1093 1241 ‚
1114 1173 1236 1244 quase
1256 1199 1380 1229 ames
1397 1184 1486 1229 ho-

455 1257 637 1301 minem
666 1255 923 1300 istimodo?

504 1344 1182 1381 -PHRONESIUM.

199 1418 409 1465 Venitne
437 1417 488 1463 in
522 1427 736 1462 mentem
767 1416 854 1461 tibi
873 1451 885 1472 ,
918 1415 1055 1476 quod
1087 1414 1293 1464 verbum
1321 1414 1372 1461 in
1409 1431 1484 1462 ca-

462 1506 548 1535 vea
577 1488 698 1533 dixit
726 1488 918 1534 histrio?

205 1562 389 1609 Omnes
407 1561 626 1607 homines
643 1560 704 1606 ad
721 1578 863 1607 suum
880 1572 1129 1622 quaestum
1145 1560 1339 1618 callent,
1354 1571 1401 1606 et
1419 1559 1488 1606 fa-

463 1636 675 1682 stidiunt.

471 1724 1257 1764 STRATOPHANES.

206 1791 455 1837 Hunccine
478 1789 724 1834 hominem
750 1799 797 1832 te
818 1785 1097 1846 amplexari,
1117 1796 1214 1831 tam
1233 1785 1485 1832 horridum

460 1874 605 1923 atque
635 1860 945 1922 squalidum?
1510 1866 1514 1867 ’

529 1957 557 1988 P
598 1956 631 1987 Η
668 1955 701 1987 R
740 1955 771 1986 o
811 1954 844 1986 N
881 1954 909 1986 E
949 1952 969 1985 s
1007 1952 1027 1983 1
1065 1951 1100 1983 U
1137 1952 1194 1984 M.

208 2025 520 2094 Quamquam
538 2021 612 2066 hic
623 2008 830 2065 'horridu
848 2021 901 2064 ’st
913 2054 926 2075 ‚
943 2025 1239 2079 quamquam
1256 2017 1333 2063 hic
1353 2033 1490 2078 squa-

461 2096 569 2140 lidu
586 2095 664 2144 'st;
700 2094 837 2139 scitus
860 2094 1045 2138 bellum
1073 2092 1173 2136 init.

475 2183 1266 2220 STRATOPHANES.

210 2246 383 2293 Dedin’
414 2263 500 2311 ego
529 2245 731 2292 aurum?

536 2341 565 2375 P
602 2341 637 2375 H
671 2342 704 2376 R
741 2340 773 2374 Ο
809 2339 844 2372 N
879 2340 908 2372 E
944 2339 965 2372 S
1002 2339 1022 2371 1
1059 2338 1094 2370 U
1130 2338 1188 2372 M.

802 2402 958 2449 Mihi?
987 2399 1157 2446 dedisti
1186 2397 1284 2443 filio
1310 2396 1491 2443 cibaria.
