1598 2814
176 179 265 237 582
401 171 1203 229 TRUCULEN‘TUS.
1327 200 1453 245 v.15

173 282 453 345 Numquam
473 284 562 329 hoc
579 300 679 330 uno
698 283 776 330 die
799 285 1022 332 efficiatur
1040 301 1183 349 opus,
1201 290 1320 350 quin
1336 307 1462 352 opus

426 373 613 419 semper
642 358 738 404 siet.

174 429 288 476 Non
306 429 433 476 enim
452 443 650 492 possunt
665 431 888 479 militares
907 435 1043 495 pueri
1058 435 1235 481 setanio
1253 436 1454 484 educier.

444 533 1239 583 STRATOPHANEs.

175 602 372 665 Respice
391 605 523 668 ergo!
545 606 701 668 accipe
720 607 812 653 hoc
826 642 839 666 ‚
860 607 945 668 qui
963 607 1082 654 istuc
1104 609 1266 655 efficias
1283 625 1419 670 opus.

431 707 435 710 ·
505 705 1176 759 PHRDONES1UM.

1304 761 1462 809 Cedo!

180 822 491 892 Quamquam
514 840 684 884 parum
713 835 794 871 est.

446 914 1235 956 STRATOPHANES.

433 975 629 1023 Addam
646 979 828 1026 minam
849 980 1008 1026 adhuc
1032 980 1130 1027 istic
1147 991 1323 1043 postea.

512 1072 1181 1108 PHRONESIUM.

1194 1125 1467 1171 Patumest.

441 1206 1232 1243 STRATOPHANES.

185 1269 297 1315 Tuo
315 1269 540 1314 arbitratu
552 1302 564 1325 ‚
583 1268 721 1328 quod
737 1266 954 1331 jubebis,
970 1266 1022 1312 id
1038 1267 1238 1315 dabitur.
1263 1269 1323 1315 da
1340 1285 1472 1316 nunc

443 1339 638 1386 savium.

509 1434 538 1466 P
578 1432 614 1466 H
650 1434 683 1467 R
722 1427 754 1465 O
790 1432 824 1465 N
858 1431 889 1464 E
929 1431 951 1465 S
987 1433 1010 1466 1
1046 1433 1082 1467 U
1115 1433 1176 1467 M.

187 1503 325 1548 Mitte
352 1518 432 1547 me
448 1537 461 1559 ,
481 1501 680 1563 inquam
695 1535 709 1559 9
735 1501 939 1547 odiosus.
959 1537 963 1542 .

454 1594 1256 1629 STRATOPHANES.

609 1663 739 1708 Nihil
765 1662 843 1709 fit:
871 1677 972 1709 non
999 1679 1144 1709 amor.
1171 1660 1339 1709 teritur
1364 1662 1473 1709 dies.

187 1740 298 1786 Plus
319 1738 485 1786 decem
509 1738 681 1800 pondo
711 1738 877 1784 amoris
901 1739 1207 1800 pauxillisper
1235 1738 1434 1801 perdidi.
1494 1727 1498 1732 ’

517 1832 1176 1867 PHRONESIUM.

191 1901 366 1965 Accipe
394 1902 512 1959 hoc,
542 1912 688 1963 atque
711 1901 893 1948 auferto
921 1901 1062 1948 intro.

615 1996 637 2031 s
676 1996 707 2030 Τ
744 1998 775 2031 R
813 1998 846 2030 A
884 1998 910 2030 Β
950 1998 982 2030 A
1019 1996 1069 2030 x.

719 2060 813 2106 Ubi
840 2077 946 2106 mea
969 2060 1118 2106 amica
1141 2069 1209 2104 est
1231 2051 1476 2123 gentium?

193 2131 366 2193 Neque
388 2131 511 2188 ruri,
534 2147 694 2192 neque
721 2132 796 2177 hic
831 2133 984 2193 operis
1022 2131 1290 2193 quidquam
1321 2130 1468 2176 facto:

445 2219 740 2265 conrumpor
773 2205 890 2254 situ;

194 2275 266 2321 Ita
289 2276 426 2322 miser
455 2276 681 2322 cubando
710 2276 760 2322 in
789 2278 913 2322 lecto
940 2276 1017 2322 hic
1045 2270 1360 2338 exspectando
1386 2274 1477 2320 ob-

447 2349 601 2395 durui.
658 2364 661 2365 ’

189 2418 283 2465 Sed
305 2437 461 2468 eccam
477 2423 636 2469 video.
669 2424 784 2469 heus
807 2424 954 2469 amica
970 2456 983 2480 ,
1016 2421 1134 2483 quid
1162 2420 1285 2483 agis?
