1630 2866
263 219 360 267 304
682 196 1107 245 RUDENS.
1442 200 1542 246 v.8v

720 318 752 352 G
790 321 824 353 R
860 320 880 352 1
915 319 944 352 P
981 320 1016 354 u
1052 319 1092 354 S.

267 385 393 431 Cave
410 383 464 429 sis
482 382 622 428 malo.
641 380 762 442 quid
780 391 834 426 tu
845 415 858 438 ‚
872 381 1078 439 malum,
1097 396 1210 427 nam
1225 395 1303 428 me
1320 383 1546 428 retrahis?

623 474 1212 511 TRACHALlo.

1096 541 1105 546 ⁴
1396 527 1544 575 Audi.

718 601 1092 640 GRIPUS.

270 657 566 707 Nonaudio.

622 733 1209 769 TRACHALIO.

462 791 526 839 At
549 794 634 856 pol
659 794 778 855 quin
804 793 980 839 audies.

723 887 755 921 G
795 888 829 920 R
865 888 886 920 1
921 888 950 920 P
988 888 1023 921 U
1060 886 1099 922 s.

785 949 920 1017 Quin
940 961 1049 1012 post
1070 952 1270 1012 loquere
1285 985 1299 1009 ‚
1330 949 1451 1012 quid
1470 950 1549 997 vis,

623 1039 654 1072 T
690 1042 723 1073 R
759 1040 793 1072 A
831 1042 858 1073 C
894 1041 928 1073 H
966 1043 999 1074 A
1034 1042 1064 1074 L
1102 1042 1123 1074 I
1161 1043 1208 1076 Ο.

268 1103 374 1150 Eho
391 1135 406 1160 ,
432 1099 583 1145 modo
607 1110 675 1144 est
706 1117 874 1160 operae
904 1102 1138 1162 pretium,
1174 1104 1314 1164 quod
1339 1104 1429 1150 tibi
1459 1119 1548 1167 ego

520 1187 701 1217 narrare
728 1174 855 1237 volo·
880 1219 882 1221 ,

721 1260 754 1293 G
789 1245 836 1294 R*
860 1261 881 1293 1
916 1260 944 1293 P
979 1259 1015 1294 u
1050 1259 1086 1294 s.

270 1323 508 1387 Eloquere
527 1355 541 1378 ‚
603 1320 688 1366 uid
716 1319 768 1365 id
800 1319 900 1365 est?

300 1387 312 1402 '⁹
626 1412 1212 1459 TRACHALJO.

431 1467 556 1514 Vide
573 1484 695 1513 num
709 1466 942 1527 quispiam
960 1465 1268 1527 consequitur
1282 1481 1437 1528 prope
1450 1481 1549 1513 nos.

723 1560 757 1593 G
790 1561 824 1594 R
858 1559 879 1592 1
917 1560 947 1593 P
984 1559 1020 1592 U
1057 1559 1097 1593 S.

271 1622 460 1684 Ecquid
486 1633 582 1681 est,
612 1621 749 1683 quod
778 1638 885 1668 mea
912 1620 1116 1667 referat?

627 1715 659 1748 T
695 1716 728 1749 R
764 1714 799 1748 A
836 1715 863 1747 C
899 1714 935 1748 H
969 1713 1005 1747 A
1040 1714 1071 1747 L
1106 1715 1127 1748 1
1164 1716 1213 1749 Ο.
1261 1741 1265 1744 ⁴

896 1775 1103 1822 Scilicet!
1130 1776 1214 1822 sed
1243 1775 1363 1823 boni
1389 1776 1551 1824 consili

274 1848 462 1910 Ecquid
480 1849 532 1894 in
550 1859 597 1895 te
614 1848 731 1895 mihi
754 1848 854 1895 est?

728 1935 759 1967 G
795 1936 829 1969 R
863 1935 885 1967 1
919 1936 949 1969 P
988 1936 1025 1969 U
1063 1936 1100 1971 s.

666 1995 805 2064 Quid
824 1996 987 2059 negoti
1005 1997 1090 2042 ’sti’
1111 1995 1263 2048 modo
1288 1996 1380 2043 dic.

627 2089 659 2122 Τ
694 2090 729 2123 R
765 2089 801 2123 A
837 2090 866 2123 c
902 2091 937 2124 H
973 2090 1008 2124 A
1043 2091 1074 2124 Ι.
1110 2091 1133 2124 1
1170 2092 1216 2125 ο.
1411 2124 1413 2126 ,

1370 2142 1551 2189 Dicam.

274 2212 400 2260 Tace
419 2248 432 2272 ,
461 2215 496 2259 si
526 2215 674 2260 fidem
704 2215 856 2261 modo
889 2216 969 2261 das
999 2217 1118 2262 mihi
1145 2227 1194 2263 te
1221 2231 1321 2263 non
1349 2214 1448 2261 fore
1473 2215 1546 2259 in—

526 2287 695 2334 fidum.

519 2366 524 2373 '
728 2365 1098 2402 GRIPUS.

276 2423 355 2470 Do
384 2425 532 2473 fidem
559 2427 672 2483 tibi,
701 2427 822 2472 fidus
848 2443 956 2483 ero,
985 2425 1195 2486 quisquis
1220 2440 1277 2469 es.
