1630 2866
79 206 224 252 ιγ,
324 183 614 236 ACTUS
668 183 770 231 IV.
826 181 940 230 SC.
990 183 1094 232 V1.
1270 196 1365 243 209

531 308 562 342 Β
598 306 635 340 A
668 305 701 339 1.
735 305 767 338 1.
802 304 825 337 1
859 304 909 339 o.

238 363 358 424 jam.

598 438 622 473 S
658 437 681 470 1
713 436 759 471 M
796 434 848 469 Ο.

312 498 454 569 Quid
472 496 605 563 jam?

540 589 571 622 Β
607 587 644 620 A
675 586 708 620 Ι.
745 585 776 618 1.
811 584 835 618 1
868 585 918 620 o.

542 657 674 703 Nihil
701 667 769 702 est
797 654 933 716 quod
963 666 1159 707 metuas.

604 755 851 798 SIMQ.

1168 811 1254 859 uid
1281 812 1379 860 est?

94 879 303 933 Nenitne
331 879 481 926 homo
506 876 570 924 ad
596 887 646 923 te
662 874 686 921 ?
1114 811 1168 882 Q

550 970 931 1006 BALLIO.

665 1038 793 1085 Non.

617 1139 643 1174 S
677 1140 700 1174 1
736 1139 779 1172 Μ
815 1140 866 1174 Ο.

806 1198 944 1268 Quid
970 1210 1039 1244 est
1065 1198 1206 1264 igitur
1233 1198 1385 1251 boni?

554 1292 585 1326 B
622 1292 658 1326 A
690 1280 723 1326 1.
759 1293 790 1326 1.
824 1293 846 1326 1
886 1294 936 1327 o.

100 1357 259 1407 Minae
290 1357 458 1420 viginti
483 1373 616 1403 sanae
639 1374 692 1403 ac
718 1359 868 1403 salvae
902 1369 1014 1405 sunt
1044 1359 1159 1416 tibi,

10 1466 13 1468 -
105 1431 266 1478 Hodie
288 1446 402 1490 quas
421 1429 505 1475 abs
521 1441 568 1475 te
587 1430 701 1475 inde
720 1441 787 1474 est
804 1430 1101 1491 instipulatus
1114 1430 1386 1478 Pseudolus.

620 1530 643 1563 s
681 1530 702 1562 1
739 1529 783 1562 Μ
820 1529 868 1562 ο.

107 1540 269 1639 Velim
291 1589 492 1652 quidem
516 1589 685 1636 hercle.

551 1684 936 1721 BALLIO.

697 1745 831 1824 Roga
858 1761 938 1791 me
962 1745 1131 1810 viginti
1160 1745 1342 1804 minas,

116 1814 167 1862 Si
192 1799 277 1862 ille
297 1817 445 1863 hodie
468 1818 547 1864 illa
574 1818 631 1863 sit
650 1817 834 1879 potitus
860 1817 1087 1874 muliere,

118 1889 226 1935 Sive
252 1906 355 1936 mm
383 1902 471 1938 tuo
501 1903 642 1955 gnato
671 1891 850 1947 hodie,
881 1902 936 1936 ut
959 1892 1201 1952 promisit,
1234 1892 1394 1941 dabit.

118 1962 302 2025 Rogato
329 1962 483 2008 hercle
515 1964 733 2009 obsecro:
775 1963 919 2027 gestio
945 1964 1237 2025 promittere.

120 2033 362 2081 Omnibus
386 2036 543 2080 modis
569 2036 658 2082 tibi
682 2052 776 2081 esse
808 2053 912 2082 rem
940 2049 997 2082 ut
1021 2038 1195 2082 salvam
1224 2038 1365 2097 scias,

121 2106 285 2168 Atque
313 2106 456 2152 etiam
481 2106 656 2174 habeto
688 2109 939 2154 mulierem
970 2108 1103 2155 dono
1138 2109 1237 2155 tibi.

638 2201 661 2235 s
695 2203 717 2235 1
753 2203 798 2236 M
836 2203 885 2236 o.

125 2269 329 2315 Nullum
356 2270 589 2331 periclum
606 2269 688 2327 ’st,
714 2269 850 2330 quod
877 2271 1044 2328 seiam,
1070 2273 1346 2334 stipularier.

128 2340 195 2387 Ut
222 2342 477 2404 concepisti
508 2341 680 2401 ve1ba‚
705 2341 889 2406 Viginti
920 2343 1069 2389 minas

130 2411 301 2460 Dabin’
316 2413 339 2458 Ξ)

208 2485 296 2532 Vol.
320 2487 411 2534 111.
1130 2491 1180 2537 O
