1630 2866
104 188 230 238 262
426 181 700 231 ACTUS
748 183 785 228 1.
826 181 927 230 SC.
977 184 1093 230 ΙΙΙ.
1295 200 1390 252 ¹4⁷,

563 301 591 334 B
629 300 664 333 A
698 300 729 334 L
765 300 796 334 L
830 300 851 334 1
890 300 941 334 Ο.

111 365 244 414 Heus
271 375 326 411 tu
340 398 354 422 ,
382 374 638 427 postquam
669 361 824 408 hercle
850 361 925 407 isti
947 377 975 406 a
1004 377 1165 407 mensa
1192 374 1390 428 surgunt

366 448 531 492 satum,
559 446 663 496 potr
679 469 695 492 ,

110 511 214 582 Qui
241 526 383 558 suurn
412 518 666 568 repetunt,
694 506 902 553 alienum
928 508 1143 556 reddunt
1166 522 1279 558 nato
1305 527 1391 559 ne-

364 599 516 640 mum,

110 658 188 707 Ab
214 658 372 705 alienis
405 656 633 703 cautiores
662 665 791 712 sunt,
814 670 878 702 ne
897 657 1094 704 credant
1117 660 1259 705 alteri.

471 753 499 785 c
537 753 572 786 A
610 751 642 784 L
679 752 700 784 1
736 751 772 783 Ι)
813 751 846 784 0
883 753 917 785 R
954 753 988 784 U
1026 752 1065 786 s.

115 823 266 870 Nimis
302 822 439 867 miser
469 835 601 875 sum,
635 832 894 864 nummum
922 835 1165 881 nusquam
1191 822 1399 882 reperire

365 892 545 956 argenti
571 906 730 951 queo:

114 969 187 1015 Ita
210 967 350 1013 miser
378 977 426 1011 et
449 980 609 1010 amore
633 980 778 1025 pereo
793 998 808 1021 ,
833 975 883 1010 et
905 963 1067 1026 inopia
1087 969 1360 1031 argentaria.

573 1055 602 1088 Β
640 1056 675 1088 A
710 1055 740 1088 L
777 1056 808 1089 L
843 1056 863 1088 1
899 1056 947 1089 o.
1016 1106 1024 1114 ι

111 1126 236 1174 Eme
263 1124 341 1172 die
372 1139 511 1171 caeca
540 1124 699 1169 hercle
731 1123 910 1169 olivom
926 1157 942 1181 ,
968 1123 1021 1168 id
1047 1125 1248 1173 vendito
1280 1142 1397 1174 ocu-

368 1195 460 1240 lata
492 1194 582 1240 die.

109 1267 218 1330 Jam
241 1269 397 1315 hercle
421 1269 499 1314 vel
523 1267 756 1314 ducentae
782 1267 885 1313 fieri
909 1281 1107 1330 posstmt
1133 1282 1394 1332 praesentes

367 1358 537 1387 mmae.

475 1435 502 1467 c
539 1434 574 1467 A
609 1434 641 1466 L
675 1434 697 1466 1
731 1434 770 1466 D
812 1433 844 1466 o
883 1435 917 1468 R
952 1435 988 1467 U
1027 1436 1067 1470 s.

116 1484 264 1543 Perii!
296 1511 358 1541 an
387 1510 491 1541 non
521 1506 628 1539 tum
658 1493 762 1539 Lex
791 1510 871 1539 me
906 1496 1067 1556 perdit
1100 1497 1246 1557 quiria
1271 1499 1400 1545 vice-

125 1577 127 1579 '
372 1567 535 1614 naria?

121 1641 347 1688 Metuunt
379 1640 573 1687 credere·
598 1653 776 1685 ornnes.

576 1732 605 1764 Β
644 1731 680 1763 A
722 1731 752 1764 L
788 1730 819 1763 L
853 1730 874 1762 1
910 1729 956 1764 o.

482 1800 661 1847 Eadem
678 1801 734 1846 ’st
750 1799 871 1846 mihi
885 1799 989 1856 Iex,
1010 1810 1177 1847 metuo
1196 1800 1402 1848 credere.

476 1893 505 1927 1²
543 1893 566 1927 s
602 1894 632 1926 Ε
669 1893 703 1925 U
741 1893 776 1926 D
815 1893 847 1926 o
884 1893 915 1926 L
952 1892 988 1925 U
1023 1891 1062 1926 S.

131 1958 331 2006 Credere
357 1962 549 2006 autern?
578 1961 668 2006 eho
683 1996 697 2017 ‚
725 1977 786 2006 an
801 1959 1020 2022 poenitet
1035 1970 1110 2018 te,
1130 1971 1312 2021 quanto
1329 1961 1406 2009 hic

380 2032 522 2079 fuerit
552 2035 694 2080 usui?

443 2160 446 2162 ,
573 2127 602 2158 Β
639 2128 673 2159 A
711 2127 741 2158 L
776 2128 806 2160 L
844 2127 865 2159 1
904 2126 954 2160 o.
1124 2166 1129 2169 1

132 2187 245 2234 Non
273 2197 339 2233 est
358 2188 510 2251 justus
540 2188 794 2249 quisquam
825 2199 1004 2234 anatot
1020 2223 1034 2245 ,
1063 2190 1151 2234 nisi
1184 2190 1269 2248 qui
1300 2205 1409 2250 per-

385 2273 551 2323 petuat
577 2261 711 2318 data,

136 2336 330 2399 Datque
364 2352 530 2397 usque.
573 2335 768 2396 quando
806 2335 923 2380 nihil
957 2335 1043 2394 sit,
1087 2334 1228 2381 simul
1260 2351 1412 2381 amare

390 2407 583 2454 desinat.

1086 2474 1185 2527 K2
