1630 2866
224 203 323 267 ‘138
545 201 1183 251 PSEUDOLUS.
1378 192 1517 256 vnn

226 312 322 361 Sed
343 313 480 360 nimis
500 329 606 357 sum
632 312 800 357 stultus
813 344 830 370 ,
849 310 1051 356 nimium
1077 309 1149 357 fui
1176 308 1398 355 indoctus
1412 343 1426 366 ,
1442 322 1510 354 ne

480 386 547 432 illi
576 386 782 431 audeant

227 462 288 509 Id
313 461 490 512 facere:
525 461 699 522 quibus
729 471 785 508 ut
817 460 1017 507 serviant
1048 474 1158 507 suus
1187 471 1318 503 amor
1355 454 1513 519 cogit,

481 535 621 581 simul

227 605 483 664 Prohibet,
510 606 681 652 faciant
703 603 958 651 advorsum
981 618 1058 648 eos
1081 599 1219 662 quod
1236 599 1423 646 volunt.

588 701 1170 741 CALIDORUS.

1116 761 1390 810 Vah!tace.

585 861 615 895 P
652 862 675 898 S
712 863 742 895 E
783 862 818 895 U
855 864 890 897 D
926 864 960 896 O
995 863 1026 897 L
1063 860 1098 893 U
1135 858 1171 892 S.

1242 900 1523 978 Quid'est?

588 988 615 1019 C
651 987 686 1018 A
721 986 752 1019 L
790 986 811 1019 Ι
848 988 884 1019 D
927 987 959 1018 Ο
997 987 1030 1019 R
1066 985 1102 1019 U
1138 986 1175 1019 S.

233 1048 357 1094 Male
385 1047 645 1111 morigerus
667 1048 790 1094 male
816 1047 924 1094 facis
947 1040 1066 1093 'mihi
1080 1082 1093 1104 ‚
1126 1064 1280 1108 quom
1300 1058 1519 1092 sermone

977 1121 1089 1166 huic
1118 1121 1330 1167 obsonas.

593 1211 1176 1248 PSEUDOLUS.

1347 1263 1519 1312 Taceo.

592 1343 1183 1378 CALIDORUS.

238 1407 300 1460 At
333 1424 481 1459 taceas
507 1413 635 1459 malo
662 1412 818 1458 multo
836 1447 849 1470 ‚
886 1429 1031 1474 quam
1061 1423 1213 1459 tacere
1238 1421 1290 1457 te
1318 1410 1451 1457 dicas.

695 1513 725 1545 Β
760 1512 795 1546 Α
831 1512 861 1545 L
896 1512 926 1545 L
962 1512 982 1544 1
1020 1512 1069 1544 o.

1251 1562 1334 1608 Tu
1362 1571 1522 1607 autem

243 1636 436 1702 Xystilis
455 1673 468 1696 ,
502 1637 572 1683 fac
599 1648 657 1683 ut
687 1637 903 1683 animum
933 1635 1172 1693 advortas,
1200 1636 1370 1698 quojus
1397 1651 1523 1680 ama-

496 1702 624 1758 tores
655 1711 767 1757 olivi

240 1784 486 1847 Dynamin
519 1783 651 1828 domi
682 1782 859 1828 habent
887 1795 1174 1827 maxumam.

241 1858 290 1904 Si
319 1857 438 1903 mihi
467 1872 566 1902 non
592 1856 692 1919 jam
719 1854 811 1898 huc
838 1853 998 1898 culleis
1022 1854 1185 1898 oleum
1217 1848 1519 1913 deportatur,

242 1932 317 1983 Te
341 1932 489 1994 ipsam
513 1931 669 1976 culleo
697 1943 785 1991 ego
811 1943 909 1972 eras
934 1925 1099 1972 fficiam
1123 1937 1182 1973 ut
1205 1925 1457 1988 deportere
1474 1927 1527 1973 in.

472 2001 751 2065 pergulam.
1058 2011 1062 2016 ’

243 2076 320 2122 Ibi
337 2075 425 2122 tibi
441 2075 561 2122 adeo
579 2075 726 2120 lectus
746 2071 954 2132 dabitur,
973 2072 1059 2119 ubi
1075 2083 1133 2119 tu
1149 2071 1280 2118 haud
1299 2081 1522 2135 somnum

497 2148 646 2209 capias
662 2181 675 2204 ‚

246 2221 342 2269 Sed
375 2222 461 2268 ubi
495 2237 648 2284 usque
683 2221 745 2267 ad
777 2223 1020 2285 langorem
1037 2235 1080 2255 -’-
1096 2230 1258 2276 tenes,
1295 2232 1521 2278 quorsum

507 2295 623 2342 haec
658 2295 885 2352 tendant,
914 2311 1036 2355 quae
1059 2291 1268 2354 loquor?

246 2367 320 2414 En
344 2380 528 2416 excetra
554 2379 612 2414 tu
627 2402 641 2425 ‚
673 2384 796 2429 quae
820 2366 909 2412 tibi
935 2365 1106 2411 amicos
1124 2373 1199 2409 tot
1229 2360 1368 2407 habes
1384 2394 1397 2418 ‚
1420 2370 1520 2407 tam

495 2441 650 2502 probe
686 2442 796 2486 oleo
831 2448 1053 2494 onustos,
