1630 2866
256 206 350 256 204
562 194 1215 275 PSEUDOLUS.
1413 205 1538 267 κλμ

745 317 768 352 S
805 319 827 352 I
862 319 905 352 M
940 319 962 352 I
997 321 1045 354 A.

252 377 456 439 Accipe:
493 392 725 442 cognosce
753 379 955 444 signum.

711 466 741 498 B
779 466 815 499 A
851 466 882 498 L
920 467 950 500 L
986 467 1008 499 Ι
1045 467 1091 500 O.

761 526 877 572 Oho
893 526 904 571 Ξ
937 527 1511 594 Polymachaeroplacides
1524 567 1543 594 ,

249 601 400 647 Purus
431 611 576 664 putus
605 611 675 646 est
697 601 851 662 ipsus:
885 601 1025 647 novi:
1056 602 1198 648 heus!

737 694 1041 728 SIMIA.

972 748 1545 820 Polymachaeroplacides

250 823 446 870 Nomen
472 835 551 870 est.
581 825 674 871 scio
692 824 794 890 jam
814 825 904 872 tibi
924 843 1003 873 me
1024 839 1149 874 recte
1169 828 1348 876 dedisse
1367 831 1541 894 episto-

510 899 635 944 lam:

250 973 510 1034 Postquam
553 973 1140 1042 Polymachaeroplacidae
1189 977 1406 1025 elocutus
1450 995 1542 1026 no-

504 1061 618 1090 men
651 1061 708 1090 es.
1119 1103 1123 1107 Ι

718 1130 746 1162 Β
784 1129 819 1162 A
855 1129 886 1163 Ι,
919 1128 951 1160 L
986 1129 1009 1161 1
1047 1129 1093 1162 o.

251 1189 350 1237 Sed
377 1189 498 1251 quid
528 1190 621 1253 agit
647 1189 716 1234 is?
1101 1246 1105 1248 v

743 1266 765 1299 s
802 1266 823 1298 1
858 1264 901 1298 Μ
936 1265 957 1297 1
993 1264 1043 1298 A.

439 1329 595 1399 Quod
615 1329 765 1376 homo
787 1328 962 1390 edepol
982 1327 1114 1374 fortis
1129 1363 1144 1386 ‚
1162 1338 1311 1390 atque
1334 1330 1538 1380 bellator

923 1403 1116 1464 probus.

251 1475 347 1524 Sed
373 1492 577 1538 propera
593 1476 716 1520 hanc
735 1476 972 1538 pellegere
992 1489 1166 1535 quaeso
1187 1476 1457 1539 epistolam,
1475 1479 1540 1526 ita

509 1549 758 1612 negotium
793 1559 860 1594 est
879 1583 894 1606 ,

252 1622 414 1683 Atque
436 1623 646 1684 accipeie
664 1634 912 1686 argentum
931 1634 1171 1681 actutum,
1190 1609 1540 1686 mulieremque

506 1696 626 1741 mihi
660 1696 887 1742 emittere.

253 1768 377 1814 Nam
395 1784 579 1814 necesse
598 1768 742 1813 hodie
758 1768 952 1831 Sicyoni
969 1785 1048 1814 me
1067 1785 1183 1826 esse,
1203 1779 1285 1814 aut
1301 1784 1395 1815 cras
1412 1785 1540 1816 mor‹

507 1852 608 1886 tem
638 1856 832 1901 exseqm
851 1875 865 1897 ‚

253 1915 325 1961 Ita
352 1914 490 1960 herus
519 1929 655 1959 meus
687 1924 753 1958 est
788 1913 1077 1974 imperiosus.

705 2007 1084 2041 BALLIO.

950 2069 1111 2127 Novi,
1140 2072 1266 2118 notis
1293 2070 1539 2154 praedicas⁶

743 2153 766 2186 s
803 2155 824 2187 1
860 2155 904 2187 M
942 2155 962 2186 1
999 2154 1045 2187 A.

254 2214 457 2276 Propera
487 2215 723 2279 pellegere
755 2215 1004 2277 epistolam
1041 2232 1166 2280 ergo.

715 2310 744 2342 Β
781 2309 817 2343 A
853 2311 884 2344 1.
918 2310 948 2343 L
986 2311 1007 2343 1
1043 2311 1088 2346 ο..

906 2378 966 2423 Id
997 2394 1109 2440 ago,
1140 2376 1176 2421 si
1197 2358 1343 2422 taceais
1373 2375 1536 2422 modo.
1566 2388 1573 2393 ’

256 2450 392 2497 Miles
420 2452 584 2498 lenoni
610 2452 812 2498 Ballioni
844 2451 1091 2513 epistolam
