1630 2866
50 132 174 175 v.17
313 118 587 166 ACTUS
634 119 733 165 IV.
775 118 877 165 SC.
926 118 1066 165 VII.
1231 132 1318 180 33¹

407 240 439 274 T
476 242 510 275 R
544 240 579 274 A
611 242 642 274 c
678 241 713 274 Η
749 239 784 273 A
818 240 849 273 1.
884 240 905 273 1
943 240 990 273 o.

47 277 211 360 ‘Atque
231 310 288 347 ut
306 312 491 365 gratum
512 301 631 346 mihi
650 300 936 347 beneficium
954 300 1081 346 factis
1095 299 1324 361 experiar.

434 387 974 422 DAEMONES.

1181 438 1327 485 Licet.

402 514 983 550 TRAanrro.

49 574 271 621 Omnian’
296 576 440 622 licet?

435 661 471 693 D
509 660 543 693 A
579 659 609 692 Ε
646 659 689 692 Μ
725 660 757 692 o
792 660 827 692 N
860 660 891 692 Ε
927 659 963 693 s.

436 721 581 767 Licet.
608 720 695 766 tibi
722 736 908 766 rursum
940 720 1090 767 refero
1118 722 1325 785 gratiam.

49 794 144 840 Sed
168 810 371 856 propera
393 795 458 841 ire
487 794 540 839 in
564 793 734 839 urbem
756 804 1001 852 actutum,
1026 806 1073 840 et
1090 795 1247 856 recipe
1274 807 1321 841 te

855 866 951 913 huc
977 884 1174 914 rursum.

403 949 436 982 Τ
470 950 506 983 R
542 950 577 982 A
614 951 645 983 c
682 949 718 983 Η
751 950 787 984 A
823 951 855 984 1.
889 952 910 984 1
946 953 992 985 ο.

818 1053 820 1055 ,
1179 1005 1324 1056 Licet,

40 1068 148 1127 Jam
169 1070 248 1117 hic
274 1087 368 1117 ero.
399 1085 455 1118 tu
482 1072 675 1136 interibi
705 1073 879 1123 adorna
904 1086 1115 1124 ceterum
1135 1112 1148 1134 ,
1187 1078 1324 1138 quod

982 1165 1082 1211 opu
1098 1150 1162 1195 'st.

434 1220 471 1253 D
505 1220 542 1254 A
574 1220 607 1254 Ε
642 1222 686 1256 Μ
722 1223 754 1257 0
790 1224 825 1258 N
860 1225 891 1258 Ε
929 1225 968 1258 s.

1174 1280 1321 1327 Licet.

398 1347 992 1388 TRACHALIO.

43 1407 267 1453 Hercules
300 1409 442 1453 istum
471 1409 677 1457 infelicet
706 1430 817 1459 cum
846 1433 925 1461 sua
955 1417 1144 1463 licentia
1164 1421 1186 1464 !'

44 1479 116 1524 Ita
146 1496 271 1525 meas
297 1481 499 1540 replevit
525 1483 669 1541 auris,
699 1487 943 1548 quidquid
961 1491 1317 1550 memorabam,

298 1553 409 1597 licet.

363 1677 760 1729 SCENA
842 1683 1002 1732 VII.

151 1802 566 1846 carru-S,
633 1810 1209 1855 DAEMONES.

497 1926 867 1966 GRIPUS.

46 1973 295 2135 QUAM
325 2055 443 2085 mox
472 2041 581 2089 licet
613 2055 662 2090 te
687 2048 980 2107 conpellare,
1010 2050 1310 2101 Daemones?

433 2128 469 2159 D
510 2128 544 2160 A
580 2129 610 2161 Ε
647 2129 690 2162 M
724 2131 756 2164 o
792 2133 826 2165 N
859 2134 889 2166 Ε
926 2135 962 2168 ε.

45 2183 183 2252 Quid
210 2196 276 2231 est
299 2188 485 2251 negoti,
520 2187 703 2249 Gripe?

494 2273 526 2307 G
565 2275 599 2308 R
633 2275 655 2307 1
689 2275 718 2308 P
755 2274 793 2308 U
828 2278 864 2310 s.

677 2374 679 2377 .
712 2336 789 2383 De
816 2338 899 2385 illo
929 2341 1097 2395 vidulo
