1690 2872
307 152 405 204 '440
609 142 1271 195 TRINUMMUS.
1468 146 1598 208 v.58

756 263 786 296 P
827 262 861 295 Η
897 263 919 296 1
955 264 987 297 L
1023 265 1057 298 T
1093 265 1138 298 o.

307 323 384 371 De
402 323 626 370 mendico
645 323 769 368 male
793 334 1003 369 meretur
1017 358 1032 381 ,
1051 325 1137 386 qui
1154 325 1197 372 ei
1215 326 1297 373 dat
1314 327 1448 389 quod
1469 329 1590 385 edit,
1616 377 1621 381 ,

563 406 644 441 aut
682 394 819 456 quod
846 395 991 442 bibat.

308 470 433 517 Nam
467 481 514 517 et
546 470 667 516 illud
695 470 831 531 quod
859 470 967 528 dat,
996 470 1179 532 perdit,
1210 476 1259 519 et
1283 470 1352 518 illi
1377 473 1599 535 producit

567 543 718 590 vitam
747 543 809 588 ad
841 543 1090 590 miseriam.

308 609 424 662 Nori
453 630 511 663 eo
544 616 638 662 hoc
673 616 812 674 dico,
848 616 995 677 quin,
1027 633 1151 677 quae
1180 628 1237 664 tu
1266 618 1366 676 vis,
1399 635 1486 685 ego
1518 636 1602 666 ve-

565 691 652 736 lim
669 725 683 747 ,
715 701 763 736 et
791 690 959 738 faciam
987 691 1184 744 lubens:

310 764 407 813 Sed
437 782 524 830 ego
565 766 657 811 hoc
690 766 896 812 verbum
936 783 1090 827 quom
1133 766 1213 813 1111
1234 765 1425 813 cuidam
1460 766 1601 824 dico,

566 853 894 902 praemonstro
923 841 1045 899 tibi,

311 915 377 962 Ut
407 914 471 960 ita
496 925 545 961 te
574 915 775 960 aliorum
805 915 1098 973 miserescat,
1131 930 1193 961 ne
1221 914 1294 962 tui
1322 915 1435 962 alsos
1463 914 1602 962 mise-

573 1000 684 1035 reat.
1226 990 1228 992 ’

674 1074 705 1106 L
741 1074 776 1106 Y
812 1073 835 1106 s
873 1074 893 1105 1
932 1074 964 1105 Τ
999 1073 1030 1105 Ε
1067 1073 1098 1105 L
1133 1073 1164 1105 Ε
1203 1074 1243 1107 s.
1609 1109 1613 1111 .

312 1134 540 1186 Deserere
585 1134 755 1191 illum,
801 1144 849 1179 et
884 1133 1105 1197 dejuvare
1135 1133 1187 1180 in
1198 1179 1209 1204 ·.
1225 1134 1368 1182 rebus
1401 1132 1605 1180 advorsis

566 1209 736 1271 pudet.

763 1286 792 1318 P
832 1286 866 1319 H
902 1286 923 1319 1
961 1287 991 1320 L
1033 1288 1065 1320 T
1102 1288 1148 1320 O.

312 1349 401 1395 Pol
423 1347 609 1410 pudere
629 1363 780 1408 quam
793 1347 953 1410 pigere
970 1359 1170 1410 praestat
1183 1382 1197 1406 ,
1216 1348 1424 1395 totidem
1441 1348 1594 1395 literis.

681 1442 711 1474 L
750 1442 782 1474 Y
822 1441 845 1474 s
881 1442 901 1473 1
939 1442 970 1474 T
1007 1441 1037 1475 Ε
1074 1443 1105 1475 L
1140 1443 1171 1476 E
1210 1442 1248 1475 s.

314 1501 526 1563 Edepol,
557 1502 719 1548 Defim
749 1500 925 1547 virtute
955 1502 1143 1561 dicam,
1176 1513 1339 1565 pater,
1373 1512 1421 1549 et
1454 1502 1605 1567 majo-

570 1591 680 1621 rum
697 1610 710 1632 ,
746 1586 793 1619 et
816 1586 898 1619 tua
913 1609 928 1631 ,

315 1649 471 1695 Multa
492 1648 619 1695 bona
643 1648 768 1694 bene
793 1659 924 1710 parta
954 1647 1197 1694 habemus.
1231 1648 1358 1695 bene
1387 1649 1424 1695 si
1455 1650 1611 1705 amico

570 1723 762 1779 feceris,

314 1796 388 1842 Ne
405 1796 563 1860 pigeat
582 1795 761 1842 fecisse:
788 1805 843 1840 ut
857 1795 1017 1855 potius
1032 1795 1239 1856 pudeat,
1254 1796 1291 1842 si
1309 1812 1413 1843 non
1430 1793 1603 1843 feceris·

780 1881 808 1914 Ρ
844 1881 878 1913 Η
914 1881 935 1914 1
970 1880 1002 1913 L
1039 1882 1070 1914 T
1107 1882 1156 1915 o.
1485 1907 1487 1909 .
1520 1912 1523 1913 γ

319 1943 397 1989 De
428 1943 610 2007 magnis
643 1941 818 1988 divitiis
851 1941 887 1987 si
920 1940 1042 2002 quid
1073 1941 1259 2001 demas,
1289 1943 1398 2005 plus
1432 1943 1514 2000 fit,
1546 1956 1608 1989 an

579 2017 774 2064 minus?

676 2107 708 2140 L
743 2107 775 2139 Y
816 2107 839 2140 s
876 2107 896 2139 1
933 2106 967 2139 T
1001 2106 1030 2140 E
1067 2107 1098 2140 L
1133 2107 1163 2140 Ε
1200 2106 1238 2141 s.
1523 2155 1528 2158 Ι

314 2168 502 2227 Minus,
528 2180 677 2231 pater.
713 2169 796 2214 sed
828 2168 919 2215 civi
948 2168 1232 2216 inmunifico
1257 2162 1482 2228 scis.quid
1499 2180 1609 2211 can-

576 2242 662 2288 tari
692 2242 848 2288 solet?

320 2315 473 2385 Quod
501 2315 668 2373 habes,
692 2331 755 2361 ne
772 2315 961 2361 habeas:
995 2329 1042 2361 et
1058 2314 1181 2360 illud
1197 2311 1335 2374 quod
1352 2326 1485 2359 nunc
1506 2325 1613 2359 non

569 2389 741 2446 habes,
771 2388 941 2436 habeas
965 2388 1177 2434 malum:
