1630 2866
1285 172 1372 219 ¹23

286 343 1171 408 PROLOGUS.

93 456 369 573 STUDE
384 531 466 567 TE
500 518 619 564 bodie
640 516 773 562 mihi.-
803 515 909 562 bona
924 515 968 561 in
985 513 1166 560 Scenam
1185 513 1343 576 affiro:

94 596 215 644 Nam
249 596 355 640 bona
386 593 502 638 bonis
524 590 646 655 ferri
670 606 765 635 reor
796 604 968 651 aequom
996 602 1228 632 maxume;

102 669 164 715 Ut
179 668 299 714 mala
315 667 465 712 malis:
495 676 571 712 ut,
602 664 677 727 qui
699 663 807 708 mali
830 673 961 710 sunt,
996 661 1180 707 habeant
1198 659 1345 705 mala.-

97 741 192 817 Qui
218 741 337 789 boni,
367 739 487 784 bona.
526 738 648 783 bonos
674 736 786 800 quod
815 735 982 782 oderint
1008 735 1144 783 mali,

51 852 54 854 v
96 815 212 861 Sunt
232 813 364 858 mali.-
397 811 532 856 malos
557 809 669 873 quod
695 808 862 854 oderint
891 809 1008 857 boni,
1040 809 1164 854 bonos

98 886 203 934 Esse
230 896 402 951 oportet.
430 900 581 947 vosque
610 884 701 930 ideo
732 885 834 929 estis
867 884 986 928 boni:
1014 881 1350 945 quandoquidem.
1376 932 1380 937 ,

96 961 269 1024 Semper
293 957 442 1003 odistis
466 956 629 1002 malos:
659 967 702 1000 et
729 955 850 1016 Iege,
876 967 920 1000 et
946 955 1180 1015 legionibus

98 1033 196 1080 Hos
206 1031 449 1097 fugitastis
463 1064 480 1078 ,
506 1027 730 1103 Quirites,
759 1029 963 1073 success-is
994 1027 1124 1072 bonis.

99 1105 220 1152 Huic
233 1121 307 1152 vos
322 1120 435 1150 nunc
445 1096 615 1168 parite‘r
634 1102 783 1148 bonam
801 1100 898 1147 boni
917 1118 1087 1167 operam
1113 1100 1212 1146 date
1224 1102 1380 1163 gregi,

146 1179 192 1231 ui
216 1177 344 1223 bonus
370 1189 457 1226 est,
479 1188 522 1222 et
553 1175 671 1221 hodie
694 1175 754 1221 ad
781 1174 903 1220 bonos
929 1174 1061 1237 affert
1087 1174 1206 1219 bona.

141 1265 264 1296 ures,
291 1248 429 1296 oculi,
459 1250 651 1296 animus,
680 1247 879 1312 ampliter
899 1250 1021 1311 fient
1048 1248 1206 1292 saturi.

97 1323 153 1369 In
181 1322 362 1368 Scenam
391 1323 465 1385 qui
482 1323 666 1388 jejunus
689 1323 880 1369 venerit,
910 1332 988 1366 aut
1018 1322 1194 1369 sitiens,

99 1394 147 1442 Is
169 1396 259 1439 risu
296 1405 338 1438 et
365 1404 511 1439 ventre
533 1410 633 1438 raso
665 1393 867 1454 vigilabit
896 1393 1067 1438 sedulo:

101 1466 225 1515 Dum
256 1466 454 1511 ridebunt
480 1467 621 1511 saturi
631 1501 647 1513 ,
672 1466 920 1511 mordebunt
937 1465 1154 1529 famelici.

103 1537 236 1585 Nunc
263 1539 302 1583 si
327 1539 505 1602 sapitis,
542 1538 705 1586 cedite,
727 1540 895 1605 jejuni,
932 1551 1057 1601 atque
1081 1534 1306 1584 discedite.-

110 1609 215 1658 Vos,
237 1612 402 1658 saturi,
434 1622 578 1658 state,
605 1613 730 1655 immo
765 1610 927 1665 sedete,
966 1622 1090 1673 atque
1123 1611 1344 1656 attendite.

102 1684 203 1730 Non
234 1697 560 1745 argumentum.
593 1701 722 1751 neque
748 1683 874 1750 hujus
900 1700 1046 1729 nomen
1066 1682 1257 1728 Fabulae

105 1756 235 1813 Nunc
262 1759 493 1822 proloquar
520 1775 623 1819 ego:
655 1759 765 1803 satis
795 1757 844 1802 id
858 1756 1006 1819 faciet
1032 1756 1293 1802 Pseuchlus:

107 1828 238 1874 Satis¹
259 1829 307 1874 id
333 1829 493 1876 dictum
516 1831 632 1878 vobis
646 1841 755 1894 puto
773 1832 896 1897 jam,
931 1841 1056 1891 atque
1090 1829 1254 1893 deputo.

113 1900 195 1946 Ubi
212 1901 348 1966 lepos,
367 1905 459 1969 joci
471 1939 486 1951 ,
514 1905 628 1949 risus
642 1938 657 1952 ,
678 1905 824 1950 vinum
840 1939 855 1951 ,
881 1903 1061 1950 ebrietas
1080 1904 1251 1950 decent*⁴

113 1972 324 2020 Gratiae.
357 1973 501 2023 decor,
534 1975 763 2033 hilaritas,
798 1987 924 2038 atque
951 1976 1205 2022 delectatio;

108 2043 204 2163 {ui
228 2047 394 2108 quaerit
420 2046 539 2095 alta,
564 2050 600 2092 is
624 2049 786 2093 malum
805 2048 975 2094 videtur
994 2065 1209 2111 quaerere.

154 2134 255 2162 uras
281 2117 420 2164 malas
445 2117 613 2183 abjicite
630 2122 759 2183 jam,
787 2132 837 2164 ut
871 2123 996 2166 otiosi
1025 2122 1156 2166 hodie.

111 2190 322 2254 Exporgi
346 2189 495 2235 meIiu
516 2190 572 2235 ’st
597 2191 811 2248 lumbos,
837 2204 980 2252 atque
1009 2194 1252 2256 exsusgier.

111 2263 327 2312 Plautina
356 2263 498 2328 longa
525 2261 702 2311 Fabula
733 2263 786 2309 in
816 2262 1015 2312 Scenam
1045 2265 1190 2313 venit.
