<?xml version="1.0" encoding="UTF-8"?>
<!DOCTYPE html PUBLIC "-//W3C//DTD XHTML 1.0 Transitional//EN"
    "http://www.w3.org/TR/xhtml1/DTD/xhtml1-transitional.dtd">
<html xmlns="http://www.w3.org/1999/xhtml" xml:lang="en" lang="en">
 <head>
  <title>
</title>
<meta http-equiv="Content-Type" content="text/html;charset=utf-8" />
  <meta name='ocr-system' content='tesseract 3.04.00' />
  <meta name='ocr-capabilities' content='ocr_page ocr_carea ocr_par ocr_line ocrx_word'/>
</head>
<body>
  <div class='ocr_page' id='page_1' title='image "./comoediaesuperst03plauuoft_0520.png"; bbox 0 0 1598 2814; ppageno 0'>
   <div class='ocr_carea' id='block_1_1' title="bbox 167 148 1443 212">
    <p class='ocr_par' dir='ltr' id='par_1_1' title="bbox 167 148 1443 212">
     <span class='ocr_line' id='line_1_1' title="bbox 167 148 1443 212; baseline 0.003 -17"><span class='ocrx_word' id='word_1_1' title='bbox 167 166 260 212; x_wconf 66' lang='lat'>514</span> <span class='ocrx_word' id='word_1_2' title='bbox 391 148 1202 199; x_wconf 84' lang='lat' dir='ltr'><strong>TRUCULENTUS.</strong></span> <span class='ocrx_word' id='word_1_3' title='bbox 1349 167 1443 201; x_wconf 83' lang='lat' dir='ltr'>v.1</span> 
     </span>
    </p>
   </div>
   <div class='ocr_carea' id='block_1_2' title="bbox 365 321 1287 548">
    <p class='ocr_par' dir='ltr' id='par_1_2' title="bbox 365 321 1287 548">
     <span class='ocr_line' id='line_1_2' title="bbox 365 321 1287 448; baseline 0.004 -36"><span class='ocrx_word' id='word_1_4' title='bbox 365 321 1287 448; x_wconf 58' lang='lat' dir='ltr'>AcTUspsslmus</span> 
     </span>
     <span class='ocr_line' id='line_1_3' title="bbox 588 499 1024 548; baseline -0.005 0"><span class='ocrx_word' id='word_1_5' title='bbox 588 499 918 548; x_wconf 85' lang='lat' dir='ltr'><em>SCENA</em></span> <span class='ocrx_word' id='word_1_6' title='bbox 983 500 1024 547; x_wconf 90' lang='grc' dir='ltr'>Ι.</span> 
     </span>
    </p>
   </div>
   <div class='ocr_carea' id='block_1_3' title="bbox 520 662 1108 698">
    <p class='ocr_par' dir='ltr' id='par_1_3' title="bbox 520 662 1108 698">
     <span class='ocr_line' id='line_1_4' title="bbox 520 662 1108 698; baseline 0.002 -1"><span class='ocrx_word' id='word_1_7' title='bbox 520 662 1108 698; x_wconf 72' lang='grc' dir='ltr'><strong>ΒΙΝΑΒΟΗΠΒ.</strong></span> 
     </span>
    </p>
   </div>
   <div class='ocr_carea' id='block_1_4' title="bbox 159 720 1454 1362">
    <p class='ocr_par' dir='ltr' id='par_1_4' title="bbox 161 720 1379 845">
     <span class='ocr_line' id='line_1_5' title="bbox 161 720 1379 845; baseline 0 -13"><span class='ocrx_word' id='word_1_8' title='bbox 161 720 349 833; x_wconf 85' lang='lat' dir='ltr'>NON</span> <span class='ocrx_word' id='word_1_9' title='bbox 388 782 542 830; x_wconf 89' lang='lat' dir='ltr'>omnis</span> <span class='ocrx_word' id='word_1_10' title='bbox 574 794 696 830; x_wconf 83' lang='lat' dir='ltr'>aetas</span> <span class='ocrx_word' id='word_1_11' title='bbox 720 782 782 829; x_wconf 84' lang='lat' dir='ltr'>ad</span> <span class='ocrx_word' id='word_1_12' title='bbox 812 782 1183 845; x_wconf 82' lang='lat' dir='ltr'>perdiscendum</span> <span class='ocrx_word' id='word_1_13' title='bbox 1214 794 1283 831; x_wconf 84' lang='lat' dir='ltr'>sat</span> <span class='ocrx_word' id='word_1_14' title='bbox 1309 795 1379 832; x_wconf 86' lang='lat' dir='ltr'>est</span> 
     </span>
    </p>

    <p class='ocr_par' dir='ltr' id='par_1_5' title="bbox 159 855 1415 919">
     <span class='ocr_line' id='line_1_6' title="bbox 159 855 1415 919; baseline 0.001 -16"><span class='ocrx_word' id='word_1_15' title='bbox 159 858 378 915; x_wconf 87' lang='lat' dir='ltr'>Amanti,</span> <span class='ocrx_word' id='word_1_16' title='bbox 401 857 524 903; x_wconf 90' lang='lat' dir='ltr'>dum</span> <span class='ocrx_word' id='word_1_17' title='bbox 545 855 598 901; x_wconf 90' lang='lat' dir='ltr'>id</span> <span class='ocrx_word' id='word_1_18' title='bbox 621 856 883 918; x_wconf 81' lang='lat' dir='ltr'>perdiscat,</span> <span class='ocrx_word' id='word_1_19' title='bbox 910 867 1033 918; x_wconf 90' lang='lat' dir='ltr'>quot</span> <span class='ocrx_word' id='word_1_20' title='bbox 1060 868 1223 919; x_wconf 81' lang='lat' dir='ltr'>pereat</span> <span class='ocrx_word' id='word_1_21' title='bbox 1243 858 1415 904; x_wconf 85' lang='lat' dir='ltr'>modis.</span> 
     </span>
    </p>

    <p class='ocr_par' dir='ltr' id='par_1_6' title="bbox 160 927 1454 1057">
     <span class='ocr_line' id='line_1_7' title="bbox 160 927 1454 991; baseline 0.002 -17"><span class='ocrx_word' id='word_1_22' title='bbox 160 929 334 990; x_wconf 86' lang='lat' dir='ltr'><strong>Neque</strong></span> <span class='ocrx_word' id='word_1_23' title='bbox 364 945 469 974; x_wconf 87' lang='lat' dir='ltr'>eam</span> <span class='ocrx_word' id='word_1_24' title='bbox 486 927 719 983; x_wconf 83' lang='lat' dir='ltr'>rationem</span> <span class='ocrx_word' id='word_1_25' title='bbox 746 945 882 991; x_wconf 82' lang='lat' dir='ltr'>eapse</span> <span class='ocrx_word' id='word_1_26' title='bbox 911 945 1145 990; x_wconf 87' lang='lat' dir='ltr'>umquam</span> <span class='ocrx_word' id='word_1_27' title='bbox 1170 928 1341 977; x_wconf 85' lang='lat' dir='ltr'><strong>edocet</strong></span> <span class='ocrx_word' id='word_1_28' title='bbox 1356 929 1454 978; x_wconf 76' lang='lat' dir='ltr'>Ve-</span> 
     </span>
     <span class='ocr_line' id='line_1_8' title="bbox 415 1018 549 1057; baseline -0.007 -10"><span class='ocrx_word' id='word_1_29' title='bbox 415 1018 504 1047; x_wconf 88' lang='lat' dir='ltr'>nus</span> <span class='ocrx_word' id='word_1_30' title='bbox 521 1035 549 1057; x_wconf 87' lang='lat'>,-</span> 
     </span>
    </p>

    <p class='ocr_par' dir='ltr' id='par_1_7' title="bbox 164 1071 1454 1142">
     <span class='ocr_line' id='line_1_9' title="bbox 164 1071 1454 1142; baseline 0.002 -24"><span class='ocrx_word' id='word_1_31' title='bbox 164 1071 330 1142; x_wconf 75' lang='lat' dir='ltr'>Quam</span> <span class='ocrx_word' id='word_1_32' title='bbox 348 1089 494 1134; x_wconf 89' lang='lat' dir='ltr'>penes</span> <span class='ocrx_word' id='word_1_33' title='bbox 516 1083 764 1118; x_wconf 82' lang='lat' dir='ltr'>amantum</span> <span class='ocrx_word' id='word_1_34' title='bbox 788 1089 973 1118; x_wconf 85' lang='lat' dir='ltr'>summa</span> <span class='ocrx_word' id='word_1_35' title='bbox 992 1089 1288 1121; x_wconf 89' lang='lat' dir='ltr'>summarum</span> <span class='ocrx_word' id='word_1_36' title='bbox 1305 1075 1454 1133; x_wconf 78' lang='lat' dir='ltr'>redit,-</span> 
     </span>
    </p>

    <p class='ocr_par' dir='ltr' id='par_1_8' title="bbox 165 1144 1387 1208">
     <span class='ocr_line' id='line_1_10' title="bbox 165 1144 1387 1208; baseline 0.002 -14"><span class='ocrx_word' id='word_1_37' title='bbox 165 1148 306 1195; x_wconf 91' lang='lat' dir='ltr'>Ouot</span> <span class='ocrx_word' id='word_1_38' title='bbox 327 1161 484 1191; x_wconf 82' lang='lat' dir='ltr'>amans</span> <span class='ocrx_word' id='word_1_39' title='bbox 509 1144 737 1206; x_wconf 84' lang='lat' dir='ltr'>exemplis</span> <span class='ocrx_word' id='word_1_40' title='bbox 761 1145 1056 1205; x_wconf 87' lang='lat' dir='ltr'>ludificetur,</span> <span class='ocrx_word' id='word_1_41' title='bbox 1080 1157 1204 1208; x_wconf 88' lang='lat' dir='ltr'>quot</span> <span class='ocrx_word' id='word_1_42' title='bbox 1227 1147 1387 1196; x_wconf 85' lang='lat' dir='ltr'>modis</span> 
     </span>
    </p>

    <p class='ocr_par' dir='ltr' id='par_1_9' title="bbox 161 1220 1170 1279">
     <span class='ocr_line' id='line_1_11' title="bbox 161 1220 1170 1279; baseline 0.001 -14"><span class='ocrx_word' id='word_1_43' title='bbox 161 1221 347 1278; x_wconf 83' lang='lat' dir='ltr'>Pereat,</span> <span class='ocrx_word' id='word_1_44' title='bbox 385 1231 606 1279; x_wconf 85' lang='lat' dir='ltr'>quotque</span> <span class='ocrx_word' id='word_1_45' title='bbox 633 1230 854 1264; x_wconf 82' lang='lat' dir='ltr'>exoretur</span> <span class='ocrx_word' id='word_1_46' title='bbox 885 1220 1170 1268; x_wconf 76' lang='lat' dir='ltr'>exorabulis</span> 
     </span>
    </p>

    <p class='ocr_par' dir='ltr' id='par_1_10' title="bbox 164 1291 1320 1362">
     <span class='ocr_line' id='line_1_12' title="bbox 164 1291 1320 1362; baseline 0.002 -23"><span class='ocrx_word' id='word_1_47' title='bbox 164 1295 302 1362; x_wconf 73' lang='lat' dir='ltr'>Quot</span> <span class='ocrx_word' id='word_1_48' title='bbox 328 1293 422 1338; x_wconf 88' lang='lat' dir='ltr'>illic</span> <span class='ocrx_word' id='word_1_49' title='bbox 451 1291 709 1338; x_wconf 83' lang='lat' dir='ltr'>blanditiae</span> <span class='ocrx_word' id='word_1_50' title='bbox 724 1326 737 1349; x_wconf 93' lang='lat'>,</span> <span class='ocrx_word' id='word_1_51' title='bbox 768 1304 893 1353; x_wconf 89' lang='lat' dir='ltr'>quot</span> <span class='ocrx_word' id='word_1_52' title='bbox 922 1293 1017 1339; x_wconf 89' lang='lat' dir='ltr'>illic</span> <span class='ocrx_word' id='word_1_53' title='bbox 1048 1294 1320 1341; x_wconf 81' lang='lat' dir='ltr'>lracundiae</span> 
     </span>
    </p>
   </div>
   <div class='ocr_carea' id='block_1_5' title="bbox 164 1366 1450 1483">
    <p class='ocr_par' dir='ltr' id='par_1_11' title="bbox 164 1366 1450 1483">
     <span class='ocr_line' id='line_1_13' title="bbox 164 1366 1450 1428; baseline 0.003 -16"><span class='ocrx_word' id='word_1_54' title='bbox 164 1367 310 1416; x_wconf 84' lang='lat' dir='ltr'>Sunt!</span> <span class='ocrx_word' id='word_1_55' title='bbox 338 1377 459 1428; x_wconf 89' lang='lat' dir='ltr'>quot</span> <span class='ocrx_word' id='word_1_56' title='bbox 477 1366 547 1411; x_wconf 89' lang='lat' dir='ltr'>sui</span> <span class='ocrx_word' id='word_1_57' title='bbox 575 1366 748 1427; x_wconf 82' lang='lat' dir='ltr'>pericla</span> <span class='ocrx_word' id='word_1_58' title='bbox 773 1367 998 1414; x_wconf 85' lang='lat' dir='ltr'>amanda!</span> <span class='ocrx_word' id='word_1_59' title='bbox 1027 1367 1138 1427; x_wconf 89' lang='lat' dir='ltr'>Dii,</span> <span class='ocrx_word' id='word_1_60' title='bbox 1164 1379 1372 1416; x_wconf 80' lang='lat' dir='ltr'>vostram</span> <span class='ocrx_word' id='word_1_61' title='bbox 1393 1369 1450 1416; x_wconf 88' lang='lat' dir='ltr'>fi-</span> 
     </span>
     <span class='ocr_line' id='line_1_14' title="bbox 420 1437 703 1483; baseline -0.004 0"><span class='ocrx_word' id='word_1_62' title='bbox 420 1438 561 1483; x_wconf 87' lang='lat' dir='ltr'><strong>dem!</strong></span> <span class='ocrx_word' id='word_1_63' title='bbox 589 1437 703 1483; x_wconf 91' lang='lat' dir='ltr'>hui!</span> 
     </span>
    </p>
   </div>
   <div class='ocr_carea' id='block_1_6' title="bbox 161 1511 1449 2440">
    <p class='ocr_par' dir='ltr' id='par_1_12' title="bbox 164 1511 1388 1709">
     <span class='ocr_line' id='line_1_15' title="bbox 164 1511 1387 1583; baseline 0.002 -26"><span class='ocrx_word' id='word_1_64' title='bbox 164 1512 301 1583; x_wconf 75' lang='lat' dir='ltr'>Quid</span> <span class='ocrx_word' id='word_1_65' title='bbox 328 1511 734 1576; x_wconf 80' lang='lat' dir='ltr'>perjerandum&#39;st</span> <span class='ocrx_word' id='word_1_66' title='bbox 752 1512 917 1570; x_wconf 86' lang='lat' dir='ltr'>etiam,</span> <span class='ocrx_word' id='word_1_67' title='bbox 940 1523 1129 1575; x_wconf 79' lang='lat' dir='ltr'>praeter</span> <span class='ocrx_word' id='word_1_68' title='bbox 1153 1512 1387 1559; x_wconf 80' lang='lat' dir='ltr'>munera?</span> 
     </span>
     <span class='ocr_line' id='line_1_16' title="bbox 165 1586 1388 1654; baseline 0 -20"><span class='ocrx_word' id='word_1_69' title='bbox 165 1587 504 1635; x_wconf 81' lang='lat' dir='ltr'><strong>Primumdum</strong></span> <span class='ocrx_word' id='word_1_70' title='bbox 540 1586 682 1632; x_wconf 86' lang='lat' dir='ltr'>miros</span> <span class='ocrx_word' id='word_1_71' title='bbox 707 1602 884 1632; x_wconf 85' lang='lat' dir='ltr'>annua:</span> <span class='ocrx_word' id='word_1_72' title='bbox 913 1587 948 1632; x_wconf 90' lang='lat' dir='ltr'>is</span> <span class='ocrx_word' id='word_1_73' title='bbox 975 1587 1157 1654; x_wconf 81' lang='lat' dir='ltr'>primus</span> <span class='ocrx_word' id='word_1_74' title='bbox 1183 1586 1388 1635; x_wconf 76' lang='lat' dir='ltr'>bolu&#39;st·</span> 
     </span>
     <span class='ocr_line' id='line_1_17' title="bbox 165 1659 1170 1709; baseline -0.002 0"><span class='ocrx_word' id='word_1_75' title='bbox 165 1664 247 1709; x_wconf 81' lang='lat' dir='ltr'>Ob</span> <span class='ocrx_word' id='word_1_76' title='bbox 277 1678 382 1708; x_wconf 82' lang='lat' dir='ltr'>eam</span> <span class='ocrx_word' id='word_1_77' title='bbox 413 1661 492 1706; x_wconf 79' lang='lat' dir='ltr'>tris</span> <span class='ocrx_word' id='word_1_78' title='bbox 515 1670 676 1706; x_wconf 90' lang='lat' dir='ltr'>noctes</span> <span class='ocrx_word' id='word_1_79' title='bbox 707 1671 831 1705; x_wconf 87' lang='lat' dir='ltr'>utor.</span> <span class='ocrx_word' id='word_1_80' title='bbox 863 1660 1044 1706; x_wconf 89' lang='lat' dir='ltr'>interea</span> <span class='ocrx_word' id='word_1_81' title='bbox 1074 1659 1170 1707; x_wconf 89' lang='lat' dir='ltr'>loci</span> 
     </span>
    </p>

    <p class='ocr_par' dir='ltr' id='par_1_13' title="bbox 162 1732 1449 1872">
     <span class='ocr_line' id='line_1_18' title="bbox 165 1732 1449 1792; baseline -0.002 -9"><span class='ocrx_word' id='word_1_82' title='bbox 165 1738 266 1783; x_wconf 88' lang='lat' dir='ltr'>Aut</span> <span class='ocrx_word' id='word_1_83' title='bbox 296 1752 424 1792; x_wconf 84' lang='lat' dir='ltr'>aera,</span> <span class='ocrx_word' id='word_1_84' title='bbox 449 1745 532 1779; x_wconf 86' lang='lat' dir='ltr'>aut</span> <span class='ocrx_word' id='word_1_85' title='bbox 557 1733 728 1778; x_wconf 78' lang='lat' dir='ltr'>vinum</span> <span class='ocrx_word' id='word_1_86' title='bbox 745 1766 759 1789; x_wconf 95' lang='lat'>,</span> <span class='ocrx_word' id='word_1_87' title='bbox 789 1742 871 1777; x_wconf 89' lang='lat' dir='ltr'>aut</span> <span class='ocrx_word' id='word_1_88' title='bbox 900 1733 1064 1777; x_wconf 90' lang='lat' dir='ltr'>oleum</span> <span class='ocrx_word' id='word_1_89' title='bbox 1079 1765 1094 1789; x_wconf 92' lang='lat'>,</span> <span class='ocrx_word' id='word_1_90' title='bbox 1126 1742 1211 1779; x_wconf 83' lang='lat' dir='ltr'>aut</span> <span class='ocrx_word' id='word_1_91' title='bbox 1238 1732 1449 1780; x_wconf 82' lang='lat' dir='ltr'>triticum</span> 
     </span>
     <span class='ocr_line' id='line_1_19' title="bbox 162 1806 1241 1872; baseline -0.004 -16"><span class='ocrx_word' id='word_1_92' title='bbox 162 1812 366 1866; x_wconf 80' lang='lat' dir='ltr'>Tentat,</span> <span class='ocrx_word' id='word_1_93' title='bbox 401 1809 694 1872; x_wconf 84' lang='lat' dir='ltr'>benignusne</span> <span class='ocrx_word' id='word_1_94' title='bbox 724 1822 784 1851; x_wconf 86' lang='lat' dir='ltr'>an</span> <span class='ocrx_word' id='word_1_95' title='bbox 804 1806 963 1852; x_wconf 85' lang='lat' dir='ltr'>bonae</span> <span class='ocrx_word' id='word_1_96' title='bbox 993 1806 1118 1871; x_wconf 84' lang='lat' dir='ltr'>frugi</span> <span class='ocrx_word' id='word_1_97' title='bbox 1143 1806 1241 1853; x_wconf 86' lang='lat' dir='ltr'>sies.</span> 
     </span>
    </p>

    <p class='ocr_par' dir='ltr' id='par_1_14' title="bbox 163 1879 1447 2093">
     <span class='ocr_line' id='line_1_20' title="bbox 165 1879 1345 1955; baseline -0.001 -26"><span class='ocrx_word' id='word_1_98' title='bbox 165 1883 347 1955; x_wconf 75' lang='lat' dir='ltr'>Quasi</span> <span class='ocrx_word' id='word_1_99' title='bbox 337 1898 386 1927; x_wconf 90' lang='lat' dir='ltr'>1n</span> <span class='ocrx_word' id='word_1_100' title='bbox 419 1881 646 1942; x_wconf 85' lang='lat' dir='ltr'>piscinam</span> <span class='ocrx_word' id='word_1_101' title='bbox 677 1890 776 1925; x_wconf 88' lang='lat' dir='ltr'>rete</span> <span class='ocrx_word' id='word_1_102' title='bbox 810 1879 898 1940; x_wconf 91' lang='lat' dir='ltr'>qui</span> <span class='ocrx_word' id='word_1_103' title='bbox 922 1880 1140 1945; x_wconf 84' lang='lat' dir='ltr'>jaculum</span> <span class='ocrx_word' id='word_1_104' title='bbox 1172 1891 1345 1942; x_wconf 85' lang='lat' dir='ltr'>parat;</span> 
     </span>
     <span class='ocr_line' id='line_1_21' title="bbox 165 1954 1447 2035; baseline -0.002 -33"><span class='ocrx_word' id='word_1_105' title='bbox 165 1956 380 2026; x_wconf 75' lang='lat' dir='ltr'>Quando</span> <span class='ocrx_word' id='word_1_106' title='bbox 408 1954 525 1999; x_wconf 83' lang='lat' dir='ltr'>abiit</span> <span class='ocrx_word' id='word_1_107' title='bbox 547 1964 645 1999; x_wconf 82' lang='lat' dir='ltr'>rete</span> <span class='ocrx_word' id='word_1_108' title='bbox 674 1969 892 2015; x_wconf 83' lang='lat' dir='ltr'>pessum,</span> <span class='ocrx_word' id='word_1_109' title='bbox 921 1966 1029 2000; x_wconf 91' lang='lat' dir='ltr'>tum</span> <span class='ocrx_word' id='word_1_110' title='bbox 1050 1955 1245 2003; x_wconf 84' lang='lat' dir='ltr'>adducit</span> <span class='ocrx_word' id='word_1_111' title='bbox 1265 1956 1447 2035; x_wconf 74' lang='lat' dir='ltr'>sinumc</span> 
     </span>
     <span class='ocr_line' id='line_1_22' title="bbox 163 2026 1267 2093; baseline 0 -18"><span class='ocrx_word' id='word_1_112' title='bbox 163 2029 246 2076; x_wconf 87' lang='lat' dir='ltr'>Sin</span> <span class='ocrx_word' id='word_1_113' title='bbox 266 2029 383 2093; x_wconf 86' lang='lat' dir='ltr'>jecit</span> <span class='ocrx_word' id='word_1_114' title='bbox 404 2039 526 2077; x_wconf 76' lang='lat' dir='ltr'>tete3</span> <span class='ocrx_word' id='word_1_115' title='bbox 555 2026 699 2087; x_wconf 88' lang='lat' dir='ltr'>pisces</span> <span class='ocrx_word' id='word_1_116' title='bbox 732 2042 794 2072; x_wconf 91' lang='lat' dir='ltr'>ne</span> <span class='ocrx_word' id='word_1_117' title='bbox 817 2026 1071 2090; x_wconf 82' lang='lat' dir='ltr'>effugiant,</span> <span class='ocrx_word' id='word_1_118' title='bbox 1105 2039 1267 2075; x_wconf 86' lang='lat' dir='ltr'>cavet.</span> 
     </span>
    </p>

    <p class='ocr_par' dir='ltr' id='par_1_15' title="bbox 161 2098 1392 2440">
     <span class='ocr_line' id='line_1_23' title="bbox 163 2098 1257 2162; baseline -0.001 -15"><span class='ocrx_word' id='word_1_119' title='bbox 163 2102 298 2147; x_wconf 89' lang='lat' dir='ltr'>Dum</span> <span class='ocrx_word' id='word_1_120' title='bbox 326 2101 420 2146; x_wconf 90' lang='lat' dir='ltr'>huc</span> <span class='ocrx_word' id='word_1_121' title='bbox 451 2099 571 2145; x_wconf 90' lang='lat' dir='ltr'>dum</span> <span class='ocrx_word' id='word_1_122' title='bbox 599 2099 712 2145; x_wconf 90' lang='lat' dir='ltr'>illuc</span> <span class='ocrx_word' id='word_1_123' title='bbox 740 2098 829 2145; x_wconf 83' lang='lat' dir='ltr'>reti</span> <span class='ocrx_word' id='word_1_124' title='bbox 856 2116 935 2145; x_wconf 90' lang='lat' dir='ltr'>eos</span> <span class='ocrx_word' id='word_1_125' title='bbox 964 2100 1154 2162; x_wconf 90' lang='lat' dir='ltr'>inpedit</span> <span class='ocrx_word' id='word_1_126' title='bbox 1253 2149 1257 2151; x_wconf 69' lang='grc'><em>,</em></span> 
     </span>
     <span class='ocr_line' id='line_1_24' title="bbox 168 2164 1295 2233; baseline -0.004 -14"><span class='ocrx_word' id='word_1_127' title='bbox 168 2164 342 2230; x_wconf 85' lang='lat' dir='ltr'>Pisces,</span> <span class='ocrx_word' id='word_1_128' title='bbox 372 2189 525 2233; x_wconf 90' lang='lat' dir='ltr'>usque</span> <span class='ocrx_word' id='word_1_129' title='bbox 556 2171 677 2217; x_wconf 88' lang='lat' dir='ltr'>adeo</span> <span class='ocrx_word' id='word_1_130' title='bbox 705 2171 935 2218; x_wconf 86' lang='lat' dir='ltr'>donicum</span> <span class='ocrx_word' id='word_1_131' title='bbox 967 2173 1136 2219; x_wconf 87' lang='lat' dir='ltr'>eduxit</span> <span class='ocrx_word' id='word_1_132' title='bbox 1165 2172 1295 2218; x_wconf 78' lang='lat' dir='ltr'>foras.</span> 
     </span>
     <span class='ocr_line' id='line_1_25' title="bbox 164 2241 1392 2305; baseline -0.002 -15"><span class='ocrx_word' id='word_1_133' title='bbox 164 2245 341 2291; x_wconf 87' lang='lat' dir='ltr'>Itidem</span> <span class='ocrx_word' id='word_1_134' title='bbox 364 2256 430 2291; x_wconf 85' lang='lat' dir='ltr'>est</span> <span class='ocrx_word' id='word_1_135' title='bbox 455 2254 648 2290; x_wconf 81' lang='lat' dir='ltr'>amator.</span> <span class='ocrx_word' id='word_1_136' title='bbox 672 2244 707 2289; x_wconf 91' lang='lat' dir='ltr'>si</span> <span class='ocrx_word' id='word_1_137' title='bbox 737 2243 818 2301; x_wconf 91' lang='lat' dir='ltr'>id,</span> <span class='ocrx_word' id='word_1_138' title='bbox 852 2244 987 2305; x_wconf 91' lang='lat' dir='ltr'>quod</span> <span class='ocrx_word' id='word_1_139' title='bbox 1018 2254 1206 2301; x_wconf 87' lang='lat' dir='ltr'>oratur,</span> <span class='ocrx_word' id='word_1_140' title='bbox 1229 2241 1392 2299; x_wconf 89' lang='lat' dir='ltr'>dedit,</span> 
     </span>
     <span class='ocr_line' id='line_1_26' title="bbox 161 2315 1352 2384; baseline -0.003 -20"><span class='ocrx_word' id='word_1_141' title='bbox 161 2318 324 2380; x_wconf 89' lang='lat' dir='ltr'>Atque</span> <span class='ocrx_word' id='word_1_142' title='bbox 344 2332 410 2366; x_wconf 87' lang='lat' dir='ltr'>est</span> <span class='ocrx_word' id='word_1_143' title='bbox 428 2321 660 2384; x_wconf 86' lang='lat' dir='ltr'>benignus</span> <span class='ocrx_word' id='word_1_144' title='bbox 676 2321 838 2382; x_wconf 88' lang='lat' dir='ltr'>potius</span> <span class='ocrx_word' id='word_1_145' title='bbox 857 2336 1004 2381; x_wconf 87' lang='lat' dir='ltr'>quam</span> <span class='ocrx_word' id='word_1_146' title='bbox 1027 2317 1150 2380; x_wconf 86' lang='lat' dir='ltr'>frugi</span> <span class='ocrx_word' id='word_1_147' title='bbox 1167 2315 1322 2362; x_wconf 84' lang='lat' dir='ltr'>bonae</span> <span class='ocrx_word' id='word_1_148' title='bbox 1338 2350 1352 2372; x_wconf 91' lang='lat'>,</span> 
     </span>
     <span class='ocr_line' id='line_1_27' title="bbox 162 2391 1375 2440; baseline -0.001 -5"><span class='ocrx_word' id='word_1_149' title='bbox 162 2391 423 2438; x_wconf 82' lang='lat' dir='ltr'>Adduntur</span> <span class='ocrx_word' id='word_1_150' title='bbox 453 2405 640 2440; x_wconf 88' lang='lat' dir='ltr'>noctes:</span> <span class='ocrx_word' id='word_1_151' title='bbox 676 2393 868 2439; x_wconf 88' lang='lat' dir='ltr'>interim</span> <span class='ocrx_word' id='word_1_152' title='bbox 892 2393 971 2438; x_wconf 85' lang='lat' dir='ltr'>ille</span> <span class='ocrx_word' id='word_1_153' title='bbox 1002 2392 1200 2437; x_wconf 89' lang='lat' dir='ltr'>hamum</span> <span class='ocrx_word' id='word_1_154' title='bbox 1229 2399 1375 2436; x_wconf 86' lang='lat' dir='ltr'>vorat.</span> 
     </span>
    </p>
   </div>
   <div class='ocr_carea' id='block_1_7' title="bbox 1545 665 1598 2814">
    <p class='ocr_par' dir='ltr' id='par_1_16' title="bbox 1545 665 1598 2814">
     <span class='ocr_line' id='line_1_28' title="bbox 1545 665 1598 2814; baseline 0 0"><span class='ocrx_word' id='word_1_155' title='bbox 1545 665 1598 2814; x_wconf 95' lang='lat' dir='ltr'> </span> 
     </span>
    </p>
   </div>
  </div>
 </body>
</html>
