1630 2866
68 153 193 197 v.25
344 134 636 183 ACTUS
689 134 750 180 V.
806 132 913 182 SC.
958 134 1077 181 ΙΙΙ.
1252 149 1345 195 347

68 242 133 288 Ni
164 240 278 288 dolo
306 242 434 288 malo
469 242 768 304 instipulatus
799 241 884 300 sis,
913 241 1025 288 nive
1059 241 1201 288 etiam
1229 241 1349 288 dum

322 315 439 361 siem

70 386 304 457 Quinque
332 398 380 434 et
405 387 573 451 viginti
602 398 738 433 natus
765 402 925 433 annos.

529 484 563 518 G
599 485 635 518 R
668 483 690 516 Ι
724 484 754 518 P
790 483 827 517 U
864 483 903 517 S.

722 546 863 592 Habe
881 561 994 591 cum
1010 546 1115 592 hoc.

526 640 559 674 1.
593 640 628 673 A
664 641 693 673 Β
730 641 765 675 R
802 640 838 673 A
875 641 926 675 x.

1018 692 1128 739 Alio
1146 693 1200 755 'st
1222 709 1356 755 opuS.

457 769 494 801 D
528 767 564 802 A
599 770 629 802 Ε
665 770 709 804 Μ
746 770 779 803 o
816 771 851 803 Ν
889 770 919 803 Ε
956 769 991 803 s.

64 833 174 897 Jam
203 836 263 885 ab
293 838 383 884 isto
404 836 583 884 auferre
602 838 731 886 haud
748 839 923 898 sinam,
957 840 1041 887 nisi
1069 841 1215 887 istum
1238 855 1357 886 con-

326 911 632 958 demnavero.
920 903 930 906 Ἀ

70 984 326 1032 promisisti
347 984 462 1030 huic
485 986 775 1050 argentum?

516 1076 549 1110 1.
586 1078 622 1111 A
656 1079 685 1111 B
722 1080 756 1114 R
792 1076 826 1110 A
861 1075 912 1109 X.

747 1137 930 1183 Fateor.

463 1221 500 1255 D
536 1222 571 1256 A
606 1221 639 1255 E
675 1220 719 1256 M
759 1221 791 1254 Ο
829 1223 864 1256 N
898 1221 930 1255 E
966 1221 1004 1255 S.

910 1278 1064 1351 Quod
1085 1298 1222 1347 servo
1245 1298 1356 1328 meo

69 1354 348 1412 Pxomisisti,
375 1370 544 1400 meum
574 1370 669 1401 esse
700 1366 921 1417 oportet:
957 1371 1019 1402 ne
1046 1367 1103 1402 tu
1126 1358 1239 1403 leno
1264 1374 1355 1418 po-

333 1428 474 1472 stules
1197 1434 1202 1438 ·

72 1499 146 1545 Te
164 1498 241 1544 hic
258 1498 351 1545 fide
368 1499 559 1544 lenonia
579 1500 675 1544 uti:
698 1514 801 1544 non
822 1510 971 1559 potes.

531 1590 754 1625 GRIP
790 1589 825 1623 U
864 1590 903 1624 S.

994 1643 1323 1701 Jamteratus

74 1715 284 1762 Nactum
309 1715 584 1772 hominem,
616 1732 766 1777 quern
801 1714 1108 1762 defraudzues.
1138 1716 1354 1763 dandum

324 1787 420 1832 huc
455 1798 703 1851 argentum
725 1788 781 1833 'st
805 1787 1041 1849 probum:

74 1859 135 1905 Id
155 1874 245 1923 ego
264 1859 494 1905 continuo
515 1861 626 1906 huic
643 1860 769 1908 dabo
782 1896 797 1919 ,
815 1860 936 1908 adeo
954 1877 1034 1907 me
1051 1872 1108 1907 ut
1126 1860 1202 1907 hic
1219 1860 1357 1906 emit-

329 1941 400 1978 tat
425 1948 586 1979 manu.

464 2019 500 2051 D
539 2018 575 2052 A
610 2020 641 2052 Ε
676 2015 720 2052 Μ
756 2021 788 2053 o
825 2021 860 2054 N
894 2022 926 2054 Ε
962 2021 1002 2055 s.

77 2075 293 2147 Quando
317 2094 427 2142 ergo
461 2095 565 2143 erga
591 2090 640 2124 te
666 2080 900 2144 benignus
931 2082 1030 2139 fui,
1064 2092 1209 2142 atque
1238 2098 1356 2142 ope-

328 2168 380 2198 ra
409 2166 518 2197 mea

76 2223 206 2271 Haec
229 2224 319 2272 tibi
344 2235 456 2272 sunt
484 2234 672 2271 servata.

528 2309 561 2343 G
599 2311 634 2343 R
667 2309 688 2342 1
724 2306 754 2342 P
789 2309 826 2342 U
861 2310 900 2344 s.

417 2370 577 2416 Immo
595 2371 751 2418 hercle
771 2387 906 2432 mea,
936 2387 999 2419 ne
1025 2382 1081 2420 tu
1107 2363 1229 2422 dicas
1257 2384 1353 2422 tua.
