1690 2872
152 115 317 188 {5156
449 114 733 164 ACTUS
784 118 861 163 11.
910 116 1018 168 SC.
1070 119 1171 168 IV.
1335 138 1428 183 455

608 235 639 268 P
675 235 709 268 Η
741 237 763 269 Ι
800 236 832 269 L
867 236 899 270 Τ
936 238 984 271 0.

701 296 875 344 Dixisti
893 315 1073 346 'arcano
1105 300 1220 346 satis.

540 389 563 423 S
599 390 631 424 Τ
666 390 700 425 Α
740 392 762 426 S
800 394 822 427 1
856 395 899 428 Μ
936 394 972 427 U
1007 395 1047 429 S.

153 450 287 520 Quin
303 452 378 496 hic
398 451 596 512 quidem
613 455 747 516 cupit
763 456 898 503 illum
917 456 978 503 ab
992 474 1087 504 sese
1103 459 1423 509 abalienarier;

149 521 200 568 Si
229 523 427 584 quidem
454 528 652 587 reperire
682 542 861 590 posset,
892 533 1066 596 quojus
1096 549 1147 578 os
1174 533 1393 580 sublinat.

602 627 632 659 1²
667 627 701 659 Η
735 628 756 660 1
791 627 821 660 1.
859 629 890 662 ‘r
926 629 976 663 o.

147 681 283 727 Meus
312 682 512 743 quidem
542 684 700 731 hercle
726 702 992 748 numquam
1021 689 1116 734 fiet.

535 779 559 812 S
596 780 627 812 Τ
663 780 699 813 A
734 780 756 814 S
792 781 814 814 Ι
848 782 892 815 Μ
928 781 964 815 U
1000 780 1038 815 S.

951 841 1012 893 „Si
1042 844 1185 905 sapies
1211 844 1425 905 quidem.

146 906 330 969 Lepide
347 911 502 958 hercle
529 912 591 959 de
615 929 724 978 agro
743 930 830 977 ego
848 914 979 960 hunc
1004 931 1165 961 senem
1187 916 1413 963 deterrui:

146 979 271 1026 Nam
299 983 385 1043 qui
412 984 651 1042 vivamus,
672 986 805 1039 nihil,
815 997 882 1032 est
897 1020 911 1044 ‚
936 987 974 1032 si
987 986 1124 1034 illum
1142 988 1352 1036 amiserit.

589 1079 620 1112 P
658 1079 693 1112 H
726 1079 748 1112 Ῑ
782 1079 813 1112 L
849 1079 882 1113 T
918 1080 967 1114 Ο.

143 1130 310 1181 Redeo
336 1134 399 1181 ad
428 1146 500 1195 te,
530 1137 810 1186 Lesbonice.

464 1231 1103 1267 LESBONICUS.

142 1350 281 1419 Quid
306 1351 382 1397 hic
400 1353 585 1399 locutus
615 1357 806 1403 tecum?
821 1291 913 1338 Dm
939 1291 1074 1338 mdes
1104 1292 1222 1339 Μ
1238 1326 1255 1351 ’

591 1448 620 1480 P
656 1450 691 1482 H
726 1451 747 1482 1
783 1451 815 1483 L
849 1451 881 1482 ‘r
917 1452 962 1484 o.

790 1508 927 1575 Quid
950 1525 1105 1556 censes
1119 1511 1142 1556 Ρ
1171 1511 1319 1557 homo
1337 1513 1416 1564 ’st;

144 1574 263 1622 Volt
282 1574 382 1622 fieri
409 1576 548 1623 liber:
579 1594 774 1637 verum,
797 1582 932 1642 quod
959 1583 1071 1641 det,
1102 1601 1201 1630 non
1228 1586 1382 1634 habet.

465 1670 497 1703 1.
532 1671 563 1703 Ε
600 1671 622 1705 s
661 1673 689 1704 Β
728 1674 761 1706 o
796 1674 829 1707 N
864 1675 886 1707 1
922 1675 949 1707 c
985 1674 1022 1707 U
1057 1677 1096 1710 s.

144 1728 207 1775 Et
232 1743 321 1792 ego
356 1744 449 1776 esse
479 1731 721 1793 locupleti,
746 1749 918 1781 verum
938 1736 1269 1798 nequidquam
1285 1741 1414 1787 volo.

533 1823 556 1857 S
594 1826 626 1858 T
660 1826 695 1859 A
731 1826 754 1861 S
787 1828 807 1860 Ι
843 1827 886 1860 Μ
922 1828 958 1861 U
994 1828 1033 1862 S.

146 1878 377 1939 Licitum,
397 1882 434 1928 si
449 1885 614 1932 velles:
637 1903 790 1946 nunc,
808 1889 1040 1950 quoniam
1064 1890 1184 1936 nihil
1202 1902 1293 1950 est,
1316 1907 1417 1938 non

398 1955 518 2001 licet.
809 2017 812 2022 ,

470 2041 501 2073 1.
535 2041 567 2073 Ε
603 2042 626 2076 s
664 2042 694 2075 Β
732 2044 766 2077 o
798 2046 834 2079 Ν
868 2046 891 2079 1
925 2047 953 2081 c
988 2046 1024 2081 U
1060 2046 1096 2080 s.

146 2096 283 2167 Quid
312 2108 500 2158 tecum,
527 2100 759 2149 Stasime?

532 2194 556 2228 8
594 2194 626 2227 Τ
659 2195 697 2229 A
733 2196 756 2230 S
793 2197 816 2230 1
848 2198 894 2232 M
927 2199 964 2232 U
999 2199 1039 2234 S.

655 2255 732 2303 De
752 2257 871 2305 istoc
896 2260 1031 2320 quod
1055 2260 1211 2306 dixisti
1232 2261 1382 2309 modo
1395 2295 1415 2322 ,

139 2322 188 2371 Si
221 2336 356 2375 antea
378 2330 600 2378 voluisses
613 2363 630 2391 ,
652 2347 785 2380 esses:
817 2348 949 2383 nune
973 2351 1075 2384 sero
1102 2335 1250 2397 cupis.

1100 2405 1233 2466 ff4
