1598 2814
92 151 221 202 v.26
390 149 435 198 A
474 147 713 199 CTUS
766 151 841 196 11.
892 149 1000 197 SC.
1050 153 1089 199 Ι.
1274 171 1368 219 529

94 257 160 305 At
178 271 265 303 nos
279 255 404 302 male
423 270 558 318 agere
578 253 847 316 praedicant
866 253 952 299 viri
971 255 1118 300 solere
1136 270 1295 300 secum
1310 289 1326 313 ‚

92 329 288 390 Nosque
321 343 415 373 esse
455 343 617 373 avaras.
650 341 824 387 quaeso
845 359 860 383 ‚
894 326 1103 386 numqui
1133 327 1256 372 male
1282 343 1369 375 nos

349 399 526 462 agimus
561 397 788 444 tandem?
895 408 897 411 ’

91 470 217 520 Nam
232 482 406 518 ecastor
423 486 691 531 numquam
709 470 814 516 satis
833 467 965 515 dedit
982 479 1091 515 suae
1118 471 1373 533 quisquam

345 557 517 588 amicae
546 551 748 587 amator:

93 615 266 677 Neque
293 615 380 676 pol
402 613 505 660 satis
530 612 792 675 accepimus
808 646 823 671 ‚
849 628 1010 687 neque
1033 614 1130 659 ulla
1158 617 1260 662 satis
1283 633 1368 678 po·-

345 687 508 750 poscit.

95 751 429 821 Nam'quando
442 759 603 805 sterilis
618 770 685 806 est
700 769 878 804 amator
890 775 916 804 a
931 756 1065 814 datis,
1087 757 1375 820 inprobu’st.

95 835 147 883 Si
170 846 311 899 negat
344 851 390 880 se
418 833 623 891 habere,
655 833 793 894 quod
827 829 935 890 δεῇ
969 835 1052 880 soli
1089 847 1374 897 pernoctan-

275 914 285 923 “
348 908 468 954 dum
481 908 548 952 'st.

94 981 198 1030 Nec
224 980 326 1027 satis
353 979 604 1040 accipimus
619 1013 635 1037 ,
661 979 763 1025 satis
787 996 939 1040 quom
962 981 1098 1042 quod
1127 982 1238 1040 det,
1270 998 1374 1030 non

349 1052 505 1097 habet.

95 1124 292 1188 Semper
323 1121 504 1179 datores
530 1138 681 1169 novos
706 1135 896 1184 oportet
926 1141 1179 1185 quaerere,

97 1198 200 1268 Qui
228 1196 287 1242 de
308 1195 529 1242 thesauris
559 1195 745 1259 integris
777 1197 1007 1254 demunt,
1042 1199 1241 1245 danunt.

95 1270 244 1317 Velut
263 1269 339 1315 hic
358 1268 542 1332 agrestis
561 1279 629 1313 est
652 1269 947 1326 adulescens,
970 1271 1055 1330 qui
1075 1272 1149 1316 hic
1166 1272 1340 1330 habet,

98 1343 250 1391 Nimis
285 1343 384 1456 po}i
409 1341 617 1386 mortalis
655 1341 872 1401 lepidus,
918 1343 1154 1403 nimisque
1194 1345 1376 1438 probus

385 1422 500 1456 ator.

47 1540 54 1545 ,
101 1484 236 1533 Sed·
224 1500 286 1541 1s,
315 1485 436 1529 clam
462 1493 617 1543 patre,
647 1483 788 1528 etiam
816 1484 937 1528 hanc
962 1494 1157 1529 noctem
1183 1485 1288 1529 illac

103 1559 192 1604 Per
203 1556 396 1602 hortum
410 1555 655 1600 transilivit
666 1555 726 1598 ad
739 1571 837 1600 nos.
853 1572 965 1600 eum
977 1558 1090 1601 volo
1105 1541 1378 1605 convenire«

30 1651 33 1655 ⁴
104 1629 202 1677 Sed
218 1638 286 1673 est
308 1626 417 1688 huic
434 1643 557 1672 unus
574 1642 726 1672 servos
741 1627 1120 1674 violentissumus
1133 1663 1147 1686 ,

104 1700 230 1770 Qui,
249 1697 334 1758 ubi
357 1713 600 1758 quamque
619 1709 883 1745 nostrarum
898 1700 1031 1746 videt
1048 1717 1202 1762 prope
1221 1700 1377 1760 aedis,

354 1769 439 1815 hac
465 1770 501 1815 si
524 1770 755 1835 aggredias
771 1806 785 1829 ,

104 1846 230 1891 Item
253 1854 310 1889 ut
337 1842 397 1888 de
419 1842 660 1890 frumento
689 1859 888 1903 anseres,
908 1845 1109 1891 clamore
1127 1846 1376 1905 absterret,

363 1914 521 1979 abigit.

105 1990 151 2037 Is
172 1989 290 2036 item
312 1999 379 2034 est
400 1990 591 2052 agrestis.
615 1990 698 2036 sed
722 1990 840 2037 fores
853 2025 867 2048 ,
896 1993 1137 2053 quidquid
1158 2004 1225 2039 est
1246 1991 1378 2038 futu-

362 2076 470 2107 rum
484 2096 499 2118 ‚
525 2061 703 2108 feriam.

108 2135 284 2198 Ecquis
312 2134 424 2180 huic
456 2136 654 2182 tutelam
681 2133 851 2200 januae
881 2138 1029 2204 gerit?
1064 2138 1224 2199 ecquis
1254 2137 1382 2184 intus

366 2206 464 2254 exit
479 2207 503 2254 ?

191 2448 281 2498 Vol.
315 2451 405 2499 ΙΙΙ.
1107 2448 1147 2496 L
1177 2450 1196 2498 1
