1690 2872
338 198 432 245 434
642 179 1301 231 TRINUMMUS.
1499 185 1629 232 ωε

334 291 413 340 Ibi
435 290 514 334 ille
537 289 756 334 cuculus:
796 287 964 333 Ocelle
993 289 1086 347 mi,
1117 290 1223 337 fiat!
1261 301 1309 338 et
1331 290 1480 350 istuc,
1512 303 1559 339 et
1591 293 1629 338 si

566 360 793 422 'amplius
822 360 889 406 vis
920 360 1051 418 dari,

331 436 550 484 Dabitur.
591 433 662 480 ibi
696 433 775 479 illa
805 434 1105 495 pendentem
1134 434 1268 482 ferit:
1297 436 1398 501 jam
1422 438 1624 500 amplius

591 520 702 555 orat.
738 524 838 554 non
865 520 932 555 sat

328 584 388 631 Id
407 595 475 630 est
489 583 627 641 mali,
641 583 694 628 ni
713 581 916 643 amplius
934 581 1101 640 etiam,
1121 582 1260 644 quod
1284 582 1435 631 ebibit
1448 618 1462 643 ,
1484 584 1621 647 quod

583 669 790 715 comest,
1200 696 1214 705 .,
1286 713 1292 719 ,

326 732 483 802 Quod
501 731 612 777 facit
625 730 782 777 sumti.
801 746 901 778 nox
917 730 1088 777 datur?
1103 731 1293 778 ducitur
1309 731 1484 778 familia
1499 742 1621 784 tota;

5 780 277 862 ffffldas'oc'
325 805 369 851 V
373 805 640 867 esfflspicae,
682 814 855 850 unctor
876 838 891 861 ‚
924 804 1026 850 auri
1059 815 1214 851 custos
1233 838 1252 867 2
1285 803 1618 864 flabelliferae,

56 854 324 926 Waffldffi'bl'-
578 877 948 942 sandaligerulae
962 910 978 934 ,

323 950 557 997 Cantrices
575 984 589 1008 ,
617 950 953 1007 cistellatrice3‚
978 949 1165 1007 nuntii,
1195 950 1406 997 renuntii
1420 985 1434 1009 ,
1453 961 1614 1014 rapto-

575 1039 647 1068 res
675 1022 807 1083 panis
835 1033 883 1067 et
912 1021 1042 1082 peni.

320 1096 397 1142 Fit
421 1096 520 1158 ipse
536 1129 550 1152 ,
577 1095 698 1140 dum
724 1094 811 1143 illis
832 1094 980 1140 comis
1005 1104 1073 1139 est
1089 1127 1104 1152 ,
1126 1094 1267 1156 inops
1284 1072 1490 1181 amatorsf
1499 1097 1619 1143 haec

242 1223 248 1233 ι
577 1184 664 1232 ego
689 1183 843 1228 quom
870 1183 959 1231 ago

39 1215 247 1295 ssaffslwt
320 1243 449 1290 Cum
467 1257 579 1288 meo
602 1241 762 1287 animo
775 1263 793 1298 ‚¹
814 1251 862 1286 et
881 1241 1070 1298 recolo,
1095 1240 1182 1287 ubi
1199 1241 1286 1302 qui
1309 1251 1443 1307 eget,
1465 1257 1615 1303 quam

572 1314 697 1377 preti
724 1314 782 1360 sit
808 1313 975 1375 parvi;
1004 1329 1151 1378 apage
1172 1325 1221 1360 te
1237 1348 1252 1372 ‚

318 1390 493 1439 Amor:
524 1405 627 1435 non
649 1389 829 1449 places:
861 1387 983 1433 nihil
1001 1398 1050 1433 te
1069 1399 1206 1434 utor:
1240 1403 1538 1449 quamquam
1559 1390 1614 1435 il-

571 1461 660 1507 lud
689 1472 756 1506 est
787 1460 952 1517 dulce,
989 1477 1083 1506 esse
1111 1471 1160 1507 et
1186 1459 1368 1507 bibere.

315 1538 466 1585 Amor
488 1552 642 1583 amara
670 1535 751 1581 dat
779 1534 869 1581 tibi
898 1533 1028 1592 satiS,
1054 1533 1191 1595 quod
1219 1550 1354 1599 aegre
1386 1534 1457 1581 sit.
1487 1533 1612 1600 fugit

577 1609 740 1656 forum
758 1643 772 1666 ,
809 1608 940 1672 fugat
971 1619 1081 1653 tuos
1381 1664 1385 1667 ,

319 1685 588 1749 Cognat0s‚
621 1683 754 1747 fugat
777 1682 876 1743 ipse
905 1698 951 1726 se
982 1698 1009 1726 a
1030 1698 1118 1727 suo
1146 1681 1383 1728 contuitu.

269 1804 272 1806 ,
317 1758 493 1819 Neque
516 1757 647 1803 enim
675 1772 789 1803 eum
816 1755 905 1801 sibi
929 1755 1138 1808 amicum
1154 1757 1331 1802 volunt
1348 1752 1455 1800 dici.
1477 1752 1609 1800 misse

578 1830 737 1877 modis
763 1845 896 1876 amor
927 1829 1194 1894 ignorandu
1212 1830 1289 1876 'st:

317 1898 492 1954 Procul
520 1904 823 1952 adhibendus
850 1915 947 1963 est,
971 1915 1119 1966 atque
1148 1900 1466 1950 abstinenduS.
1493 1907 1607 1948 nam

570 1977 661 2040 'qui
694 1977 744 2023 in
773 1993 987 2023 amorem

314 2053 643 2115 Praecipitavit
663 2087 676 2109 ,
714 2052 848 2118 pejus
879 2050 1002 2112 perit
1021 2083 1035 2107 ,
1077 2064 1226 2110 quam
1259 2047 1298 2093 si
1329 2046 1439 2094 saxo
1466 2044 1604 2092 saliat.

572 2140 717 2188 apage
742 2123 797 2168 sis
815 2158 828 2180 ‚
859 2123 1019 2168 amor!
1518 2174 1523 2178 ,

315 2197 443 2244 Tuas
469 2213 539 2244 res
563 2197 653 2243 tibi
679 2195 827 2242 habe!
858 2201 991 2242 επιστ
1008 2230 1021 2252 ,
1052 2192 1173 2239 mihi
1204 2190 1380 2237 amicus
1404 2203 1467 2235 ne
1499 2185 1600 2234 fuas

575 2284 825 2329 umquam.
858 2278 971 2313 sunt
998 2277 1189 2320 tamen,

314 2343 450 2412 Quos
477 2343 669 2390 miseros
698 2343 920 2402 maleque
953 2340 1150 2396 habeas,
1171 2350 1294 2397 quos
1311 2332 1410 2379 ‘tibi
1441 2331 1597 2378 obno-

569 2414 670 2460 xios
698 2414 858 2460 fecisti.
1497 2427 1502 2432 ’
