1630 2866
54 175 184 222 242
379 155 648 206 ACTUS
699 120 776 202 11.
828 139 929 202 Sc.
980 155 1060 202 11.
1248 162 1342 216 1⁷5·

420 281 450 314 P
486 279 507 313 s
544 280 575 313 Ε
611 278 647 311 u
683 279 718 310 D
757 278 790 311 o
828 277 859 310 1.
895 276 933 310 υ
968 276 1006 310 s.

595 338 762 385 Servos
785 349 852 384 est
867 338 978 384 huic
996 338 1158 385 lenoni
1174 336 1315 403 Syrus
1326 373 1343 399 ,

61 414 191 465 Eum
210 430 302 461 esse
325 430 404 460 me
431 413 596 458 dicam.
628 411 770 474 Syrus
794 427 911 456 sum.

507 505 544 539 Η
579 504 614 537 Α
648 505 684 538 R
721 504 750 537 P
792 503 827 536 A
863 503 916 536 x.

790 563 970 626 Syrus?

414 650 444 683 P
481 648 504 682 s
537 648 567 682 E
608 646 643 680 u
679 649 715 682 D
753 648 786 682 0
825 648 857 682 L
893 648 928 680 u
965 647 1004 682 s,
1171 691 1181 702 ,

851 707 911 753 Id
928 719 996 755 est
1011 724 1190 757 nomen
1207 710 1340 759 mihi.

465 842 471 848 .
516 796 552 830 Η
587 795 622 828 A
657 797 690 830 R
719 795 748 828 P
787 794 822 828 A
859 794 914 828 Χ.

67 860 227 914 Verba
258 860 410 906 multa
438 857 656 904 facimus:
689 857 829 902 herus
860 856 897 903 si
933 866 1044 903 tuus
1077 855 1212 902 domi
1245 867 1313 903 est
1327 889 1348 915 ‚

322 934 442 995 quin
466 947 716 994 provocas:

70 1005 136 1052 Ut
152 1005 205 1052 id
224 1020 357 1070 agam
369 1039 383 1061 ,
409 1003 547 1066 quod
563 1003 723 1048 missus
738 1002 833 1048 huc
850 1001 990 1049 sum?
1017 1002 1260 1063 quidquid
1279 1012 1348 1051 est

324 1093 503 1124 nomen
529 1077 631 1123 tibi.

425 1165 454 1198 P
492 1163 514 1197 s
550 1164 581 1197 E
621 1163 657 1196 U
691 1164 727 1196 D
768 1163 801 1196 o
836 1163 867 1196 1.
904 1163 940 1196 U
978 1163 1018 1198 s.

74 1225 125 1275 Si
149 1227 275 1273 intus
292 1236 407 1272 esset
419 1259 434 1283 ,
465 1241 720 1270 evocarem.
750 1241 919 1271 verum
935 1224 971 1269 si
988 1224 1098 1271 dare
1114 1225 1181 1273 vis
1199 1226 1315 1273 mihi
1328 1260 1349 1289 ,

74 1302 211 1367 Mage
229 1301 316 1348 erit
330 1302 543 1347 solutum
556 1334 570 1357 ‚
593 1316 738 1359 quam
754 1299 789 1344 si
807 1299 894 1361 ipsi
912 1299 1108 1346 dederis.
1343 1290 1346 1292 v

522 1392 558 1424 Η
580 1391 628 1423 Α
660 1392 696 1424 R
728 1391 757 1424 P
794 1392 829 1424 A
865 1391 917 1425 x.

731 1449 798 1496 At
828 1452 958 1497 enim
984 1454 1090 1498 scin’
1112 1454 1354 1514 quidest?

81 1523 301 1573 Reddere
316 1524 433 1580 hoc,
451 1538 552 1568 non
568 1521 790 1584 perdere,
807 1522 948 1568 herus
969 1539 1049 1593 me
1066 1525 1202 1570 misit.
1219 1541 1352 1572 nunc

324 1606 454 1641 certo
476 1595 570 1640 scio

74 1666 210 1724 Hoc,
239 1664 411 1712 febrim
438 1665 526 1711 tibi
561 1681 653 1711 esse
669 1699 684 1723 ,
718 1666 830 1726 quia
859 1681 963 1711 non
989 1665 1100 1711 licet
1124 1666 1217 1712 hoc
1243 1668 1352 1732 injif
1374 1684 1377 1687 ·

56 1743 58 1745 ’
331 1756 434 1786 cere
464 1740 670 1803 ungulas.

76 1811 180 1876 Ego
194 1845 210 1870 ‚
227 1812 313 1859 nisi
328 1814 414 1876 ipsi
431 1803 630 1860 Ballioni
642 1848 656 1872 ,
672 1829 930 1860 nummum
951 1815 1138 1863 credam
1156 1818 1354 1865 nemini.

78 1898 105 1925 ⁸
432 1909 461 1942 P
497 1908 519 1942 s
555 1909 587 1941 Ε
623 1909 659 1942 u
694 1910 730 1942 D
770 1909 802 1941 o
841 1911 872 1943 L
908 1910 943 1943 u
981 1911 1020 1944 s,

82 1964 147 2013 At
177 1965 272 2012 illic
303 1981 433 2012 nunc
463 1969 809 2033 negotiosu’st:
842 1987 911 2016 res
934 1972 1086 2037 agitur
1115 1972 1246 2035 apud
1274 1971 1356 2035 ju-

340 2040 508 2086 dicem.

529 2117 564 2150 Η
600 2117 636 2150 A
669 2119 704 2153 R
736 2119 766 2152 P
802 2119 838 2152 A
872 2121 924 2154 x.

87 2175 170 2225 Dii
192 2176 319 2223 bene
345 2168 548 2223 vortarrt.
572 2187 620 2222 at
654 2194 741 2241 ego
766 2181 960 2238 quando
986 2199 1099 2228 eum
1123 2199 1215 2228 esse
1248 2199 1361 2229 cen-

345 2251 459 2297 sebo
491 2249 650 2308 domi,

85 2322 302 2375 Rediero.
334 2335 389 2370 tu
418 2324 659 2385 epistolam
687 2325 810 2373 hanc
837 2341 865 2372 a
892 2342 971 2373 me
1000 2329 1185 2391 accipe,
1215 2341 1366 2393 atque

341 2395 410 2444 illi
440 2396 566 2444 dato.
