1598 2814
545 38 604 81 Q

229 155 326 210 344
458 145 1265 196 TRUCULENTUS.
1415 154 1514 206 m:

627 317 1002 367 SCENA
1074 320 1120 368 V.

559 461 1219 497 PHRONEsruM.

230 516 325 630 Ρ
332 592 507 627 UERo
542 579 616 624 isti
649 578 756 624 date
791 593 1062 624 mammam.
1102 589 1160 626 ut
1190 579 1382 626 miserae
1412 596 1514 628 ma·-

484 664 575 698 tres
589 652 932 713 sollicitaeque

229 727 305 776 Ex
336 727 495 773 animo
528 737 637 771 sunt
656 760 670 784 ,
712 724 1046 785 cruciantque!
1081 725 1256 806 edepol
1282 740 1515 775 conmen-

482 810 587 844 tum
610 798 758 843 male.

223 874 500 943 Quomque
522 881 625 916 eam
643 887 743 916 rem
773 870 823 915 in
852 869 993 917 corde
1015 870 1140 935 agito
1153 904 1167 929 ‚
1185 871 1335 919 nimio
1355 874 1513 920 minus

487 943 796 1006 peihibemur

227 1020 406 1077 Malae,
438 1035 581 1080 quam
622 1035 781 1063 sumus
820 1018 1029 1081 ingenio.
1066 1035 1155 1083 ego
1187 1019 1342 1081 prima
1375 1018 1512 1065 domi

481 1090 633 1136 modo
663 1090 803 1135 docta
827 1091 1008 1136 dictito.

229 1166 425 1235 Quanta
443 1174 510 1209 est
534 1179 645 1208 cura
671 1163 721 1206 in
747 1162 905 1207 animo
921 1196 935 1219 ‚
956 1175 1196 1225 quantum
1212 1163 1355 1210 corde
1371 1164 1510 1227 capio

488 1236 707 1281 dolorem
724 1269 738 1291 ,
786 1271 788 1273 v
846 1281 849 1286 ,

228 1307 380 1356 Dolus
403 1323 464 1354 ne
483 1307 667 1352 occidat
685 1316 840 1353 morte
858 1306 1016 1367 pueri!
1048 1318 1199 1354 mater
1222 1307 1345 1356 dicta.
1370 1310 1509 1371 quod

479 1397 614 1436 sum,
639 1395 696 1425 eo
724 1378 869 1442 magis

225 1451 411 1500 Studeo
434 1452 582 1509 vitae,
604 1467 726 1512 quae
743 1467 851 1496 ausa
869 1466 974 1496 sum
993 1460 1184 1509 tantum
1202 1453 1323 1500 clam
1339 1452 1508 1502 dolum

479 1524 1233 1589 aggrediri.1

227 1598 367 1646 Lucri
393 1614 547 1645 caussa
576 1615 708 1644 avara
732 1597 964 1658 probrum
990 1614 1096 1644 sum
1129 1609 1366 1647 exsecuta:
1397 1600 1508 1647 alie-

478 1686 565 1716 nos
599 1671 784 1715 dolores

227 1744 348 1791 Mihi
362 1742 616 1805 supposivi.
635 1742 819 1787 nullam
838 1757 941 1788 rem
959 1753 1152 1804 oportet
1166 1743 1330 1792 dolose
1348 1761 1508 1811 aggre-

479 1815 596 1871 diri,
618 1814 706 1860 nisi

219 1887 390 1936 ⁴'Astute
431 1899 745 1948 accurateque
783 1903 1052 1948 exsequare.
1094 1899 1279 1935 vosmet
1304 1890 1405 1955 jam
1433 1886 1506 1937 viss

483 1963 600 2009 detis
617 1996 631 2019 ,

224 2034 291 2080 Ut
316 2046 476 2081 ornata
504 2034 981 2095 incedozpuerperio
1012 2051 1101 2099 ego
1134 2051 1267 2082 nunc
1300 2051 1379 2084 me
1408 2051 1502 2083 esse

477 2123 662 2171 aegram
694 2107 927 2153 assimulo.

224 2177 350 2223 Male
373 2178 508 2239 quod
532 2178 704 2222 mulier
732 2177 879 2223 facere
908 2178 1110 2240 incepit,
1137 2179 1223 2225 nisi
1250 2178 1302 2224 id
1326 2177 1504 2226 efficere

476 2260 743 2311 perpetrat,

221 2321 284 2368 Id
314 2322 383 2367 illi
413 2322 621 2380 morbo,
659 2321 708 2367 id
738 2321 807 2367 illi
839 2323 968 2370 senio
1002 2333 1099 2381 est,
1129 2337 1181 2368 ea
1205 2320 1275 2366 illi
1307 2322 1501 2370 miserae

475 2395 655 2441 miseria
671 2394 735 2440 ’.st
1552 2400 1553 2403 ’
