1630 2866
104 168 234 230 ηε
435 164 709 214 ACTUS
761 166 797 212 1.
846 164 950 214 sc„
1001 167 1082 214 11.
1329 184 1394 233 23

365 285 1158 320 AGORASTOCLES.

237 347 364 419 Quia
391 348 491 412 jam
515 364 784 409 numquam
809 346 992 394 audibis
1018 348 1167 394 verba
1198 358 1274 394 tot
1294 359 1392 395 tam

1013 422 1180 468 suavia.

108 494 247 566 Quid
270 495 358 542 tibi
388 512 487 557 opu
505 495 560 541 'st
587 494 785 541 vixisse?
811 496 1022 542 ausculta
1051 495 1172 542 mihi
1199 497 1351 543 modo
1370 529 1388 556 ‚

364 584 415 614 ac
441 568 674 630 suspende
702 579 764 614 te.

533 654 576 686 M
612 653 633 686 1
667 652 699 685 L
738 654 767 686 Ρ
802 652 835 686 Η
871 653 892 685 1
929 653 974 687 o.

111 709 363 773 Siquidem
394 723 450 758 tu
489 728 535 757 es
571 728 762 757 mecum
799 712 983 759 futums
1018 730 1106 774 pro
1142 731 1235 763 uva
1267 733 1394 779 passa

363 783 564 846 pensilis.

363 849 1161 906 AcoRAsTOCLEs

112 927 176 976 At
201 946 288 995 ego
317 947 427 977 amo
454 930 591 976 hanc.
856 954 859 955 ⁷

523 1015 569 1047 M
602 1015 625 1048 1
661 1014 693 1047 Ι.
730 1016 760 1049 Ρ
795 1014 831 1048 Η
862 1015 885 1048 1
922 1017 973 1050 Ο.

306 1071 372 1120 At
394 1089 482 1138 ego
504 1090 598 1120 esse
620 1084 669 1120 et
687 1074 870 1128 bibere.

399 1158 1131 1196 ADELPHASIUM.

655 1219 761 1265 Eho
785 1230 869 1277 tu,
897 1221 1016 1281 quid
1040 1221 1137 1268 ais?
1167 1276 1170 1280 .

369 1304 1146 1340 ANTERASTILIS.

1063 1363 1203 1434 Quid
1230 1367 1397 1430 rogas?

401 1447 1133 1484 ADELPHASIUM,

109 1504 282 1558 Viden’
316 1517 371 1553 tu
389 1540 403 1564 ‚
432 1507 563 1568 pleni
595 1509 722 1555 oculi
753 1509 965 1556 sordium
995 1509 1081 1571 qui
1110 1508 1269 1569 erant,
1294 1514 1394 1575 jam

367 1579 620 1641 splendent
650 1581 767 1626 mihi
783 1583 806 1627 Ρ

373 1649 1130 1703 ANTERASTILIS.

114 1722 270 1770 Immo
288 1724 430 1771 etiam
448 1725 497 1770 in
514 1726 678 1771 medio
698 1729 840 1774 oculo
855 1730 1075 1790 paullum
1090 1730 1237 1776 sordis
1259 1744 1340 1779 est.

404 1813 1138 1851 ADELPHASIUM.

900 1876 1033 1923 Cedo
1064 1878 1119 1923 sis
1141 1876 1399 1927 dexteram.

366 1957 1157 1996 AGORASTOCLES.

118 2003 185 2052 Ut
213 2015 269 2052 tu
301 2010 500 2069 quidem
529 2013 668 2078 hujus
695 2015 858 2061 oculos
888 2015 1031 2062 illotis
1060 2016 1280 2063 manibus
1306 2028 1397 2064 tra-

371 2093 466 2128 ctes
492 2102 544 2131 ac
575 2087 731 2133 teras?

216 2208 219 2209 ⁷
379 2157 1181 2216 ANTERASTILI'SQ

122 2231 279 2293 Nimia
304 2249 390 2282 nos
416 2238 631 2283 socordia
654 2238 799 2284 hodie
826 2240 995 2285 tenuit.

412 2329 1139 2366 ADELPHASIUM.

834 2391 947 2462 Qua
979 2393 1041 2440 de
1063 2410 1113 2440 re
1127 2427 1143 2451 ‚
1174 2393 1367 2442 obsecro
1381 2394 1404 2441 ?

1095 2467 1134 2514 Β
1167 2484 1199 2527 4
