1598 2814
223 131 316 190 562
452 130 1268 186 TRUCULENTUS.
1381 129 1512 198 v.i5

583 249 606 284 S
643 251 675 284 T
711 251 744 287 R
780 250 815 283 A
851 251 883 284 Τ
918 251 940 289 I
975 251 1006 289 1-
1042 251 1077 288 A
1114 253 1167 287 X.

715 310 990 364 Strabacem
1007 313 1084 360 hic
1101 315 1320 377 opperiar
1335 315 1486 363 modo
1500 351 1515 375 ‚

221 385 270 433 Si
295 386 393 432 ruri
415 386 589 434 veniat.

580 471 1180 511 ASTAPHIUM.

566 533 611 578 Is
633 533 832 594 quidem
852 534 983 597 apud
1001 551 1087 586 nos
1106 545 1173 585 est
1195 535 1274 583 hic
1293 533 1510 586 Strabax:

217 606 370 653 Modo
398 623 507 653 rure
528 608 675 655 venit.

578 693 601 726 s
639 693 670 726 T
708 694 742 727 R
779 694 814 727 A
853 695 884 728 T
919 695 941 728 1
976 695 1008 728 L
1045 695 1080 728 A
1118 695 1169 728 x.

608 753 832 812 Priusne,
862 770 1009 815 quam
1032 754 1096 801 ad
1117 764 1323 802 matrem
1343 770 1476 801 suam
1489 753 1512 800 ?

220 826 333 874 Heu
357 826 534 893 edepol
561 829 814 875 hominem
846 828 1011 875 nihili!

574 913 611 946 A
650 913 672 947 s
711 913 742 946 Τ
779 912 814 946 A
849 913 877 945 P
920 912 954 945 Η
991 912 1012 945 1
1051 911 1088 944 U
1123 911 1178 945 Μ.

870 972 1011 1019 Anne
1045 983 1210 1019 autem
1225 1007 1239 1032 ,
1270 982 1327 1019 ut
1356 971 1510 1020 soles?

577 1059 599 1095 S
636 1059 667 1092 T
704 1060 738 1094 R
773 1057 808 1091 A
845 1058 877 1092 T
913 1059 935 1095 Ι
970 1058 1001 1091 L
1041 1057 1075 1091 A
1112 1057 1165 1091 X.

219 1118 376 1166 Immo
412 1119 534 1166 nihil
566 1119 690 1166 dico.

178 1192 180 1198 '
575 1204 611 1237 A
647 1203 670 1236 s
710 1204 741 1236 T
779 1204 813 1236 A
849 1204 877 1236 P
917 1203 951 1235 H
988 1203 1009 1235 1
1048 1188 1178 1242 ΠΜ.

682 1265 705 1308 Ι
730 1264 860 1310 intro
877 1299 890 1320 ‚
916 1262 1112 1308 amabo:
1142 1261 1263 1308 cedo
1291 1277 1505 1310 manum.

576 1347 599 1381 S
638 1348 670 1380 T
706 1348 739 1380 R
775 1346 811 1380 A
847 1347 878 1380 T
916 1347 936 1380 1
971 1347 1003 1379 L
1039 1344 1076 1380 A
1109 1346 1161 1380 X.

223 1408 372 1456 Tene.
406 1410 456 1454 in
484 1408 731 1454 tabernam
769 1407 917 1453 ducor
949 1406 1296 1466 devorsoriam,

147 1483 150 1485 Δ
222 1484 315 1532 Ubi
337 1484 460 1530 male
490 1482 690 1544 accipiar
717 1498 824 1527 mea
849 1481 967 1527 mihi
995 1480 1214 1542 pecunia.

521 1628 975 1687 ACTUS
1054 1628 1198 1685 IV.

643 1753 973 1802 SCENA
1037 1755 1079 1800 Ι.

572 1884 1158 1921 DINARCHUS.

215 1940 319 2053 N
325 2018 354 2051 E
366 2017 483 2068 QUE
509 2015 656 2070 gnatu
673 2005 727 2051 ’st
743 2039 756 2062 ‚
782 2021 944 2066 neque
970 2005 1306 2070 progignetur,
1340 2017 1499 2067 neque

467 2089 625 2140 potest
656 2077 899 2139 repenrier
917 2111 931 2135 ,
1091 2075 1097 2080 ’
1380 2122 1386 2127 ,

213 2151 349 2220 Quoi
371 2168 458 2216 ego
486 2146 618 2197 nunc
643 2150 826 2197 dictum
848 2161 931 2196 aut
955 2149 1135 2196 factum
1157 2149 1496 2235 meliusfluam
1532 2195 1534 2198 ,
1574 2142 1576 2146 ’

472 2225 646 2271 Veneri
679 2224 839 2270 velim.
1175 2227 1177 2230 ’
1339 2255 1347 2261 x

209 2297 291 2343 Dii
325 2299 511 2363 magni!
547 2310 603 2345 ut
638 2315 725 2363 ego
760 2299 907 2346 laetus
939 2313 1078 2354 sum,
1119 2305 1166 2341 et
1194 2294 1367 2339 laetitia
1405 2292 1497 2338 dif-
1568 2296 1570 2300 “

463 2370 611 2416 feror!
651 2371 714 2417 ita
