1598 2814
92 187 213 230 v.17
346 171 637 220 ACTUS
694 173 792 220 IV.
843 171 950 220 SC.
1004 171 1126 220 111.
1277 185 1365 232 571

456 293 483 327 c
521 293 555 327 A
590 293 621 326 1.
658 292 688 326 1.
720 292 742 325 1
777 292 805 324 c
839 291 871 325 1.
907 292 937 325 Ε
972 291 1011 325 s,

87 363 196 424 Jam
211 374 326 411 tace.
343 363 607 427 accepistin’
625 378 833 426 puerum
852 374 907 409 tu
924 362 983 408 ab
1003 361 1120 407 hac?

519 458 555 492 A
589 457 622 490 N
659 457 687 490 c
723 456 746 490 1
783 456 815 490 1.
853 457 884 490 L
920 456 968 488 A.

1030 506 1217 568 Accepi.

454 595 483 629 c
518 593 552 629 A
587 595 619 630 1.
657 595 688 629 1,
718 595 741 628 1
778 594 806 628 c
842 594 873 628 1.
907 592 939 627 Ε
974 591 1014 627 s.

1227 643 1379 690 Tace:

71 750 74 751 ν
97 711 228 759 Nihil
251 727 415 788 moro-r
435 722 688 774 praeterea.
716 710 820 756 satis
849 721 917 755 est
937 708 1061 755 fassa.

520 804 557 837 A
594 805 627 838 N
664 804 692 837 C
727 803 749 836 I
789 805 821 838 L
861 803 893 837 Ι.
930 804 978 837 A.

916 888 922 889 ⁷
959 893 973 897 τ
994 863 1169 909 Infitias
1189 880 1289 910 non
1309 881 1380 910 eo.

455 956 1020 990 CALLICLES.

94 1025 201 1084 jam
219 1024 420 1070 livorem
436 1034 542 1069 tute
561 1024 758 1085 scapulis
775 1025 891 1070 istoc
909 1025 1165 1072 concinnas
1182 1025 1287 1072 tuis.

99 1097 409 1145 Conveniunt
437 1097 593 1144 adhuc
620 1098 867 1158 utriusque
893 1098 1050 1144 verba.

454 1190 491 1224 D
528 1189 550 1222 1
585 1191 619 1224 N
655 1189 690 1239 A
726 1192 759 1225 R
796 1191 824 1223 c
862 1190 897 1224 Η
933 1191 969 1225 U
1006 1190 1043 1224 s.

932 1252 1032 1299 Vae
1054 1254 1222 1300 misero
1243 1254 1380 1300 mihi!

102 1325 210 1372 Mea
228 1340 362 1372 nunc
382 1324 588 1371 facinora
605 1325 879 1386 aperiuntur
892 1360 906 1383 ,
924 1327 1045 1372 clam
1064 1343 1186 1387 quae
1203 1327 1380 1389 speravi

354 1396 466 1442 fore.
1233 1422 1238 1426 -

457 1481 484 1513 c
520 1481 555 1514 A
590 1482 621 1514 1.
656 1481 687 1514 L
722 1481 743 1513 1
780 1481 807 1512 c
848 1481 879 1513 Ι,
915 1480 946 1512 Ε
983 1480 1021 1513 s.

100 1548 324 1610 Loquere
340 1558 409 1595 tu.
440 1549 527 1609 qui
547 1549 658 1594 dare
674 1559 723 1594 te
739 1548 852 1593 huic
869 1563 1075 1609 puerum
1085 1548 1251 1611 jussit?

529 1637 970 1673 ANCILLA.

948 1697 1076 1744 Hera
1091 1699 1242 1762 major
1262 1714 1382 1745 mea.

460 1782 1016 1818 CALLICLES.

103 1853 242 1923 Quid
264 1853 348 1899 tu?
375 1869 459 1899 cur
486 1870 599 1899 eum
625 1853 874 1915 accepisti?

522 1947 558 1979 A
594 1947 627 1979 N
665 1946 692 1978 c
730 1946 751 1978 1
787 1946 817 1978 1.
854 1944 885 1977 1.
922 1945 970 1977 A.

602 2012 729 2059 Hera
750 2031 856 2060 mea
883 2014 1065 2076 rogavit
1088 2029 1167 2059 me
1190 2014 1346 2060 minor
1364 2047 1379 2072 ‚

105 2084 227 2130 Puer
255 2096 311 2130 ut
333 2085 599 2144 afferretur,
630 2103 777 2148 eaque
802 2099 858 2132 ut
878 2088 1142 2132 celarentur
1162 2086 1334 2132 omnia.

460 2180 489 2213 c
524 2181 559 2214 A
593 2182 624 2215 1.
657 2182 688 2215 1.
723 2183 742 2216 1
782 2183 808 2215 c
846 2182 876 2214 1.
913 2182 942 2214 E
980 2181 1017 2214 s.

107 2247 327 2310 Loquere
346 2258 414 2295 tu.
446 2249 566 2311 quid
583 2266 640 2296 eo
660 2249 806 2296 fecisti
826 2249 1012 2311 puero?

528 2342 560 2376 A
599 2345 632 2376 N
669 2343 696 2376 c
733 2345 755 2376 1
790 2343 821 2376 L
857 2343 887 2376 1,
926 2344 976 2377 A.

744 2407 821 2455 Ad
845 2426 1001 2457 meam
1027 2410 1189 2458 heram
1218 2409 1379 2458 detuli.

1420 762 1455 787 .,
