1630 2866
65 143 196 200 v.76
388 140 672 188 ACTUS
724 141 761 186 Ι.
818 139 926 187 SC.
974 141 1012 187 Iss
1254 157 1345 204 129

421 260 452 293 P
489 259 512 293 s
548 259 578 292 E
615 258 649 291 u
687 259 722 290 D
760 257 793 291 o
827 250 866 291 1(
894 257 931 295 ,u
966 256 1002 290 S.

298 319 461 366 Genus
482 330 702 365 nostrum
725 334 906 380 semper
928 317 1215 363 siccoculum
1237 317 1342 365 fuit.

425 409 1008 445 CALIDORUrs.

72 472 262 520 Nihilne
294 472 516 537 adjuvare
547 489 627 517 me
659 470 840 517 audes?

421 555 1007 592 PSEUDOLUS.

770 617 908 687 Quid
936 616 1102 663 faciam
1130 618 1253 665 tibi?

425 701 1004 737 CALIDORUS.

1206 756 1346 804 Heu!

424 831 1012 868 PSEUDOLUS.

71 897 221 945 Heu?
249 896 301 942 id
327 896 527 958 quidem
550 896 638 941 tibi
666 896 848 951 hercle,
875 910 942 940 -ne
970 894 1134 955 parsis,
1167 894 1307 940 dabo.
1360 955 1368 962 ‚

426 991 453 1022 c
489 989 524 1022 Α
558 990 589 1022 1.
624 989 645 1022 1
680 990 716 1022 D
754 989 787 1021 o
821 990 854 1021 R
891 988 927 1020 U
963 987 1002 1026 s.

72 1051 217 1097 Miser
229 1065 355 1100 sum3
373 1058 620 1112 argentum
639 1063 876 1108 nusquam
894 1045 1087 1093 invenio
1106 1056 1350 1103 mutuom,

74 1121 318 1179 Pseudole.

426 1197 456 1230 P
492 1195 515 1229 s
549 1197 581 1231 E
618 1196 655 1229 U
690 1197 726 1229 D
765 1197 797 1230 o
831 1196 863 1229 Ι.
900 1195 936 1230 U
972 1196 1008 1230 s.

319 1257 454 1304 Heu!

424 1344 453 1376 C
489 1343 523 1376 A
543 1343 588 1376 ‘L
625 1344 644 1376 Ι
681 1344 717 1375 D
755 1343 787 1376 Ο
823 1344 856 1376 R
892 1341 928 1374 U
966 1340 1003 1375 S.

424 1403 598 1463 Neque
626 1403 751 1447 intus
771 1417 996 1447 nummus
1019 1400 1141 1445 ullus
1160 1411 1238 1446 est.

423 1494 455 1528 Ρ
491 1494 514 1527 s
549 1495 579 1527 E
617 1494 651 1527 u
686 1497 721 1527 D
758 1495 790 1527 ο
827 1495 858 1526 L
896 1494 931 1526 u
966 1493 1001 1528 s.
1210 1536 1215 1540 ¹

1184 1545 1345 1590 Eheu!

430 1622 458 1654 c
493 1621 528 1655 A
555 1622 587 1655 1.
623 1622 644 1654 1
679 1623 714 1655 D
752 1621 785 1654 ο
823 1621 857 1654 R
891 1620 928 1652 U
964 1620 1004 1654 s.

74 1683 160 1729 Ille
185 1682 474 1730 abducturus
504 1695 572 1729 est
593 1684 847 1730 mulierem
875 1698 987 1727 cras.

428 1776 458 1808 P
498 1775 522 1808 s
557 1776 587 1807 Ε
622 1774 659 1807 U
694 1775 731 1808 D
766 1773 798 1806 o
834 1773 864 1805 1.
901 1772 937 1804 U
974 1771 1012 1805 s.

797 1834 804 1844 “
868 1840 870 1843 ’
996 1833 1155 1880 Eheu!

428 1921 455 1953 c
491 1920 526 1952 Α
562 1921 593 1953 1.
629 1921 651 1953 1
687 1922 723 1953 D
762 1921 795 1953 o
831 1922 866 1955 R
901 1921 937 1955 U
973 1920 1008 1954 s.

77 1976 306 2023 Istoccine
334 1988 474 2037 pacto
502 1984 584 2023 'me
609 1979 825 2043 adjutas?

429 2071 459 2104 P
495 2072 517 2105 s
553 2074 583 2106 E
619 2073 655 2105 U
690 2075 727 2106 D
766 2074 798 2106 o
836 2073 867 2105 1.
902 2072 938 2104 U
976 2073 1016 2106 s.

441 2192 445 2195 ,
750 2132 831 2176 Do
860 2132 912 2176 id
944 2132 1080 2191 quod
1107 2133 1228 2178 mihi
1259 2146 1346 2179 est:

77 2204 203 2252 Nam
218 2206 254 2251 is
270 2206 387 2252 mihi
404 2206 643 2252 thesaurus
656 2207 778 2270 jugis
802 2207 853 2249 in
870 2217 1027 2250 nostra
1051 2216 1119 2250 est
1149 2206 1314 2251 domo.

170 2279 175 2283 ’
437 2299 464 2331 c
502 2298 537 2331 A
571 2298 602 2330 L
638 2300 659 2332 1
695 2301 730 2332 D
768 2298 800 2330 o
837 2297 871 2329 R
909 2297 944 2328 u
981 2296 1019 2329 s.
1247 2290 1252 2294 ⁴

82 2355 257 2406 Actum
274 2358 419 2405 hodie
441 2358 501 2405 de
517 2376 595 2421 me
618 2371 698 2407 est.
726 2353 808 2406 'sed
825 2369 960 2419 potes
977 2372 1108 2402 nunc
1133 2369 1359 2406 mutuam

154 2433 241 2481 Vol.
267 2434 358 2482 ΙΙΙ.
1081 2432 1105 2477 I
