1630 2866
228 179 325 227 17²
548 170 1190 221 PSEUDOLUS.
1389 184 1521 223 v.12'

840 252 863 276 ο

231 280 356 328 Nam
388 297 474 345 ego
509 292 727 342 precator
767 293 814 327 et
846 294 1070 343 patronus
1102 281 1282 330 foxibus
1314 282 1518 344 processi

486 353 619 400 foras.

689 432 725 465 Η
758 432 794 466 Α
829 433 862 466 Β
898 433 927 466 Ρ
965 433 1000 466 A
1037 433 1086 467 x.

229 482 375 537 Tune
404 484 659 531 esBallio?

592 572 621 603 P
661 571 683 604 s
723 572 753 604 E
790 572 827 605 U
862 572 899 605 D
937 572 969 605 o
1008 571 1039 604 L
1076 551 1113 605 ‘u
1151 569 1186 604 S.

560 632 720 678 Immo
747 649 863 678 veto
892 649 980 697 ego
1008 634 1106 696 ejus
1134 649 1239 679 sum
1263 629 1523 679 Subbanim

689 728 723 761 H
761 727 795 760 A
831 728 866 761 R
899 729 928 761 P
965 727 1000 760 A
1037 728 1089 761 X.

232 786 372 856 Quid
392 787 511 833 istuc
541 788 676 835 verbi
708 789 812 834 est?

590 876 619 908 P
658 875 681 909 S
717 877 749 909 E
786 875 822 908 U
857 877 892 909 D
933 876 965 909 Ο
1002 876 1033 909 L
1070 875 1105 908 U
1142 874 1181 909 S.

472 935 669 982 Condus
700 954 895 998 promus
923 954 1055 994 sum,
1085 947 1364 998 procurator
1394 935 1525 999 Penii,

688 1023 724 1055 Η
760 1023 795 1055 Α
831 1024 864 1056 Β
899 1023 927 1055 Ρ
967 1021 1002 1054 Α
1039 1022 1091 1054 Χ.

234 1081 384 1151 Quasi
412 1091 460 1128 te
492 1083 616 1128 dicas
641 1084 905 1128 atriensem.

591 1169 622 1202 P
663 1168 686 1201 S
720 1170 751 1202 E
789 1169 824 1201 U
861 1170 898 1201 D
937 1168 969 1201 O
1006 1167 1036 1200 L
1074 1167 1110 1200 U
1145 1165 1181 1199 S.

794 1232 954 1277 Immo
986 1229 1173 1276 atriensi
1205 1244 1296 1294 ego
1321 1228 1522 1290 impero:

685 1314 720 1348 H
757 1314 792 1348 A
828 1316 863 1348 R
898 1315 926 1348 P
963 1314 998 1347 A
1038 1315 1088 1348 X.

239 1372 380 1443 Quid
409 1386 489 1434 tu,
524 1391 740 1422 servosne
771 1392 844 1434 eS‚
878 1392 938 1422 an
967 1374 1124 1423 liber?

595 1464 624 1496 P
663 1462 685 1497 S
719 1464 750 1496 E
790 1463 826 1496 U
861 1465 897 1497 D
933 1464 966 1497 O
1002 1464 1033 1497 L
1071 1463 1108 1496 U
1144 1463 1184 1497 S.

803 1524 946 1570 Nunc
971 1523 1172 1585 quidem
1198 1523 1341 1570 etiam
1359 1523 1526 1570 servio.

690 1610 727 1644 H
763 1610 797 1644 A
833 1612 867 1645 Β
905 1612 934 1644 Ρ
973 1611 1007 1643 Α
1044 1612 1094 1644 x.
1522 1608 1527 1614 ’

238 1665 310 1712 Ita
327 1666 490 1714 videre
504 1702 518 1726 ,
551 1680 599 1715 et
618 1686 721 1716 non
736 1672 902 1718 videre
921 1671 1089 1735 dignus
1108 1670 1195 1731 qui
1216 1669 1337 1715 liber
1359 1668 1458 1714 sies.

598 1765 627 1797 P
665 1765 687 1797 s
725 1766 755 1798 Ε
794 1766 830 1798 U
867 1767 902 1798 D
943 1766 977 1798 o
1013 1765 1044 1797 1.
1083 1764 1116 1796 U
1155 1763 1191 1797 s.

240 1822 355 1870 Non
376 1826 492 1871 soles
513 1826 739 1887 respicere
761 1838 810 1872 te
823 1861 837 1884 ‚
864 1843 1016 1887 quom
1036 1825 1158 1872 dicas
1176 1823 1348 1889 injuste
1365 1823 1529 1872 alteri?

692 1912 726 1944 Η
763 1912 797 1944 A
834 1914 867 1946 R
903 1912 931 1945 P
971 1912 1005 1944 A
1042 1912 1094 1945 x.

240 1972 388 2018 Hunc
407 1974 656 2019 hominem
678 1974 860 2018 malum
881 1989 974 2019 esse
995 1982 1198 2035 oportet.

600 2065 630 2098 P
668 2065 690 2099 s
727 2065 757 2097 Ε
795 2065 830 2097 U
866 2066 902 2098 D
945 2066 976 2098 o
1018 2066 1048 2098 L
1087 2065 1122 2097 U
1160 2066 1196 2099 s.

790 2126 873 2172 Dii
890 2132 969 2172 me
986 2137 1171 2173 servant
1193 2137 1338 2188 atque
1353 2133 1530 2171 amant.

241 2195 366 2243 Nam
391 2198 503 2244 haec
536 2199 655 2244 mihi
684 2199 816 2246 incus
844 2211 934 2245 est:
966 2199 1232 2261 procudam
1261 2214 1348 2263 ego
1377 2196 1525 2243 ho'die

496 2272 608 2319 hinc
639 2275 818 2319 multos
851 2274 1002 2320 dolos.

693 2359 728 2391 Η
766 2359 799 2391 Α
833 2361 866 2393 Β
904 2360 933 2392 Ρ
967 2359 1002 2391 Α
1037 2358 1086 2390 x.

245 2415 384 2483 Quid
409 2418 502 2464 illic
525 2434 687 2465 secum
705 2419 829 2464 solus
848 2415 1098 2478 loquitur?
