1630 2866
227 165 329 231 2841
647 169 691 216 R
723 169 768 216 u
800 167 922 218 ΠΕ
955 170 1002 218 Ν
1032 170 1079 219 s.
1387 144 1518 234 ης)

584 284 615 317 Τ
654 286 687 318 R
723 284 758 317 A
793 287 820 319 c
855 287 891 320 Η
925 286 962 320 A
997 289 1027 321 1.
1062 288 1083 321 1
1123 288 1173 320 ο.

224 352 450 414 Aequom*
467 353 546 398 has
562 364 724 415 petere
742 354 968 421 intellego
989 375 1000 403 ε
1028 358 1164 403 decet
1182 356 1262 417 {bs
1284 368 1332 404 te
1357 358 1409 404 id
1438 359 1513 404 in-

475 427 720 488 petrarier:

221 499 465 564 Ignoscere
493 501 561 546 his
597 512 644 547 te
677 501 931 547 convenit:
967 513 1124 550 metus
1154 503 1258 562 has,
1287 505 1339 551 id
1367 517 1423 552 ut
1445 505 1512 552 fa·-

477 575 629 632 ciant,
666 575 853 639 subigit.

223 645 296 693 Te
316 663 376 692 ex
403 649 584 693 concha
615 659 775 694 natam
804 665 897 693 esse
915 658 1190 694 autumant:
1216 665 1327 696 cave
1353 659 1411 696 tu
1427 651 1512 696 ha-⁴

476 739 586 767 rum
616 722 814 767 conchas
843 738 1038 783 spernas,

223 789 319 838 Sed
354 805 552 855 optume
586 811 751 840 eccum
778 795 876 840 exit
907 811 1077 852 senex,
1110 805 1338 857 patronus
1370 794 1514 842 mihi-

477 883 574 928 que
608 878 656 914 et
681 867 833 914 vobis.

572 1034 961 1082 SCENA
1042 1035 1156 1081 IV.

269 1173 635 1221 D-AEMONES,
683 1175 1050 1212 TRACHALIO.
1106 1175 1461 1215 MULIERES,'

577 1268 861 1308 LORARH.
909 1266 1156 1305 LABRAX.

611 1398 1144 1434 DAEMONES.

220 1455 392 1568 EXI
432 1504 629 1574 e'fano‚
668 1528 837 1563 natum
867 1528 1105 1578 quantum
1131 1518 1212 1576 ’st‚
1247 1518 1507 1565 hominum

479 1591 853 1656 sacrilegissume.
1196 1598 1201 1604 '

221 1665 317 1713 Vos
342 1666 392 1711 in
421 1683 548 1712 aram
574 1665 699 1711 abite
732 1681 919 1710 sessum.
954 1665 1037 1711 sed
1066 1665 1152 1711 ubi
1183 1664 1331 1710 sunt?

579 1759 1170 1794 TRACHALIO.

1181 1819 1292 1866 Huc
1320 1820 1509 1882 respice.

610 1900 647 1932 D
680 1898 717 1931 A
751 1898 781 1930 E
818 1899 860 1932 Μ
898 1898 930 1931 o
968 1899 1002 1932 Ν
1037 1898 1068 1931 Ε
1106 1897 1141 1931 s.

222 1954 453 2016 Optume.

610 2029 641 2061 1.
678 2029 710 2062 o
747 2029 782 2061 R
818 2028 853 2061 A
891 2029 925 2061 R
959 2028 981 2060 1
1018 2027 1053 2060 U
1089 2027 1127 2060 S.

330 2100 457 2144 Istuc
475 2099 790 2145 volueramus.
812 2096 932 2161 jube
952 2096 1104 2142 modo
1123 2094 1314 2154 accedat
1334 2108 1504 2166 prope.

611 2195 647 2227 D
685 2193 719 2226 A
753 2193 783 2226 E
822 2193 864 2225 Μ
901 2193 934 2225 o
970 2193 1005 2226 Ν
1043 2192 1073 2226 Ε
1111 2191 1148 2225 5.

220 2261 364 2309 Tune
392 2262 743 2328 legirupionem
781 2260 859 2307 hic
894 2260 1035 2307 nobis
1077 2275 1189 2306 cum
1217 2256 1317 2304 Diis
1351 2254 1501 2302 facere

479 2336 722 2400 postulas?

221 2409 444 2474 Pugnum
478 2411 531 2457 in
561 2427 611 2457 os
635 2408 846 2472 inpinge.
