1630 2866
201 183 297 232 150
516 166 1159 220 PSEUDOLUS.
1356 185 1490 241 *293

559 290 586 322 c
622 287 659 322 A
691 290 724 323 1.
758 290 781 323 1
818 290 854 323 D
892 291 925 324 o
962 293 997 326 R
1032 292 1068 325 U
1106 293 1144 327 s.

805 349 1066 408 Pseudole‚
1093 367 1263 399 arcesse
1284 353 1454 401 hostias
1469 389 1489 414 ‚

201 425 451 482 victimas,
471 424 619 470 lanios
632 443 645 476 ;
674 435 731 471 ut
757 441 849 490 ego
872 425 983 471 huic
1006 426 1275 473 sacruficem
1299 445 1494 476 summo

450 499 588 558 Jovi:

203 573 328 620 Nam
355 573 432 619 hic
465 572 583 618 mihi
611 588 744 620 nunc
773 583 839 620 est
870 572 1029 620 multo
1049 572 1214 634 potior
1236 571 1460 635 juppiter
1474 606 1492 632 ,

466 661 612 706 quam
634 645 872 707 juppiter.

655 741 683 773 Β
722 740 757 773 A
792 742 824 774 L
858 741 888 774 L
924 740 947 773 1
986 739 1037 773 o.

203 801 331 848 Nolo
355 802 594 849 victimas:
628 803 813 866 agninis
835 820 915 849 me
947 802 1066 848 extis
1097 803 1271 864 placari
1301 804 1428 850 volo.

567 896 594 929 c
634 896 668 929 A
706 897 737 929 1.
773 896 795 929 1
832 898 867 929 D
904 897 936 929 o
974 897 1008 930 R
1044 896 1080 929 U
1116 896 1156 931 s.

206 958 437 1021 Propera,
472 958 593 1019 quid
624 959 748 1004 stas?
787 975 957 1005 arcesse
982 975 1138 1023 agnos.
1169 958 1346 1017 audin‘,
1376 958 1496 1021 quid

459 1031 523 1076 ait
546 1031 805 1092 Juppiter?

567 1117 596 1150 P
626 1114 650 1148 s
686 1116 717 1148 Ε
755 1114 790 1147 U
826 1117 864 1149 D
899 1116 932 1149 o
969 1117 1000 1150 1.
1035 1116 1071 1149 U
1106 1116 1145 1149 s.

202 1177 310 1238 Jam
333 1177 410 1223 hic
438 1193 543 1223 ero:
575 1193 746 1223 verum
781 1189 911 1223 extra
941 1189 1130 1238 portam
1162 1177 1360 1225 Metiam
1388 1193 1496 1235 curff

462 1251 676 1298 rendum
694 1251 750 1296 'st
778 1250 926 1311 prius.

572 1345 600 1377 c
635 1345 672 1378 A
706 1345 738 1378 1,
773 1344 796 1376 1
830 1344 866 1377 D
907 1344 941 1378 o
980 1345 1016 1379 R
1050 1342 1086 1375 U
1122 1343 1162 1378 s.

208 1398 348 1470 Quid
373 1398 464 1446 eo?

174 1480 175 1483 ’
572 1479 602 1515 P
639 1478 662 1513 s
699 1478 730 1511 Ε
767 1476 803 1509 11
839 1477 876 1509 D
916 1477 947 1509 o
987 1477 1019 1510 1.
1054 1477 1091 1510 U
1125 1475 1164 1510 s.

316 1537 490 1584 Lanios
505 1537 622 1584 inde
639 1553 863 1584 arcessam
885 1537 1005 1583 duos
1022 1554 1135 1583 cum
1153 1535 1498 1583 tintinnabulis.

211 1610 396 1658 Eadem
418 1611 519 1656 duo
540 1627 699 1675 greges
717 1610 957 1676 virgarum
970 1609 1083 1656 inde
1101 1611 1367 1656 ulmearum
1386 1610 1502 1655 ade-

469 1701 607 1748 gero,
1232 1716 1240 1723 .

214 1757 282 1803 Ut
312 1756 460 1803 hodie
489 1759 550 1803 ad
575 1757 840 1803 litationem
867 1756 978 1802 huic
999 1765 1219 1819 suppetat
1238 1754 1367 1800 satias
1376 1753 1501 1812 Jovi.

212 1830 273 1876 In
299 1831 474 1876 malam
500 1845 690 1876 crucem
716 1829 815 1873 istic
844 1827 933 1873 ibit
952 1827 1175 1890 Juppiter
1201 1826 1431 1873 lenonius.

677 1922 706 1955 Β
743 1919 779 1953 Α
817 1920 848 1953 L
881 1920 912 1953 Ι,
948 1920 969 1952 1
1009 1920 1059 1952 ο.

215 1984 290 2032 EX
313 1996 396 2032 tua
422 2001 472 2033 re
501 2000 603 2031 non
630 1994 723 2040 est,
747 1992 804 2028 ut
827 1998 914 2046 ego
934 1982 1147 2028 emoriar.

569 2077 599 2112 P
635 2076 658 2111 S
693 2076 725 2114 Ε
761 2075 796 2110 U
832 2076 871 2110 D
906 2076 940 2110 O
975 2076 1006 2111 L
1043 2076 1079 2109 U
1115 2075 1158 2110 S.

965 2138 1068 2208 Qui
1095 2135 1252 2184 dum?

674 2225 706 2260 Β
739 2223 776 2259 A
811 2225 843 2259 1.
879 2224 912 2259 L
946 2224 969 2259 1
1009 2224 1056 2259 Ο.

1084 2276 1187 2340 Ego
1212 2274 1366 2322 dicam
1388 2270 1498 2318 tibi:

216 2350 347 2418 Quia
379 2350 552 2414 edepol
579 2350 700 2397 dum
724 2366 816 2415 ego
846 2350 982 2397 vivos
1010 2349 1195 2408 vivam,
1224 2360 1495 2407 numquam

466 2425 553 2471 eris
579 2423 701 2489 frugi
723 2423 893 2471 bonae.
