1630 2866
133 181 266 235 ms
431 179 720 230 ACTUS
771 181 849 228 11.
900 181 1002 231 sc.
1054 183 1220 261 1v.-
1310 186 1414 254 183

521 300 549 334 c
584 300 621 334 Η
654 299 689 335 A
724 301 758 335 R
791 301 815 335 1
849 303 884 336 n
919 300 957 334 υ
991 299 1030 336 ε.

131 359 276 431 Quid
305 361 423 408 istuc
452 361 557 407 est?

492 452 522 486 Ρ
559 451 583 486 s
618 451 649 484 Ε
685 449 722 484 u
754 452 791 485 n
830 450 863 485 o
897 451 929 485 1.
964 451 1002 484 u
1037 449 1074 486 s.

195 513 457 577 Epistolam
474 513 627 560 modo
645 513 767 558 hanc
784 512 1032 575 intercepi,
1052 523 1102 560 et
1116 511 1406 576 symbolum

524 614 551 646 C
589 613 624 647 H
659 613 695 646 A
731 614 766 648 R
799 613 822 647 Ι
855 613 889 646 N
923 612 960 646 U
995 612 1035 647 S.

132 671 452 737 Symbolum?
480 690 630 736 quem
644 673 953 737 symbolum?

483 772 1064 809 PSEUDOLUS.

645 835 748 906 Qui
774 852 801 881 a
822 835 974 882 milite
995 832 1182 881 adlatu’
1186 843 1227 880 st
1249 832 1409 879 modo.'

131 903 246 969 Ejus
263 921 419 965 servo,
453 906 541 967 qui
568 906 695 952 hunc
730 906 910 954 ferebat
942 922 1056 953 cum
1086 908 1303 968 quinque
1332 922 1404 952 ar-

382 979 513 1043 genti
543 980 682 1026 minis
699 1014 715 1037 ,

130 1049 178 1100 ,Τ
179 1067 290 1098 uam
314 1051 400 1112 qui
418 1053 617 1097 amicam
638 1052 753 1099 hinc
776 1051 1059 1100 arcessebat·
1046 1087 1060 1104 ,
1090 1051 1133 1098 ei
1151 1067 1201 1098 os
1218 1049 1402 1099 sublevi

378 1123 545 1172 modo.

485 1217 1061 1256 GALIDORUS.

129 1269 432 1342 Quomodo?

490 1346 1068 1383 Psssunozus.

204 1407 396 1454 Horum
414 1423 565 1454 caussa
583 1409 697 1455 haec
712 1409 865 1473 agitur
879 1420 1197 1471 spectatorum
1213 1406 1405 1454 Fabula.

97 1482 100 1486 ’
132 1469 201 1525 Hi
216 1480 393 1538 sciunt,
411 1481 495 1542 qui
511 1481 587 1527 hic
602 1481 854 1540 affuerunt,
873 1482 1009 1528 vobis
1023 1493 1133 1543 post
1149 1496 1406 1527 nanavero.

487 1579 516 1612 C
550 1579 586 1613 A
619 1580 650 1613 1.
683 1580 708 1613 1
741 1581 778 1614 D
817 1579 852 1613 Ο
884 1581 920 1614 R
953 1578 990 1613 U
1026 1579 1066 1613 S-

134 1638 274 1708 Quid
299 1654 429 1686 nunc
452 1639 665 1705 agimus?

483 1734 517 1767 1>
548 1733 572 1767 S
607 1735 638 1767 E
673 1733 710 1767 U
742 1735 785 1769 D
817 1734 854 1767 Ο
887 1733 920 1767 Ι.
954 1732 991 1766 U
1025 1731 1063 1766 S.

260 1795 478 1845 Liberam
503 1795 648 1842 hodie
678 1806 813 1843 tuam
839 1796 1039 1843 amicam
1058 1792 1408 1857 amplexabere.

486 1892 1069 1931 GALIDORUS.

131 1942 334 2009 Egone?

487 2021 1073 2060 rsnunoLUs.

233 2071 376 2119 Tute.

463 2147 1071 2187 *CALIDORua

282 2198 418 2265 Ego?

490 2276 519 2310 r
556 2277 579 2311 s
615 2277 646 2310 E
682 2277 719 2310 u
755 2277 797 2310 1>
828 2278 864 2311 o
896 2278 930 2311 1.
963 2278 1000 2312 U
1034 2277 1073 2312 s,

314 2336 447 2399 Ipsus
459 2370 474 2394 ‚
492 2336 710 2398 inquam:
731 2337 969 2398 siquidem
986 2338 1078 2387 hoc
1101 2339 1231 2388 vivet
1250 2351 1407 2404 caput.

137 2406 189 2457 si
206 2407 353 2456 modo
368 2409 488 2457 mihi
505 2409 754 2458 hominem
767 2410 1014 2459 invenietis
1032 2426 1243 2472 propere.

1063 2484 1118 2532 M
1149 2501 1179 2546 4
