1630 2866
176 194 271 256 246
595 188 638 238 R
670 189 715 237 U
748 190 794 236 D
831 190 870 236 E
905 190 950 236 N
982 189 1027 261 SV.
1339 210 1384 240 v.
1406 187 1468 253 83'

179 304 415 352 Surrexit:
454 303 652 349 horsum
682 319 727 348 se
756 303 967 364 capessit:
1001 303 1121 348 salva
1146 302 1243 348 res!

176 379 381 427 Desiluit
398 378 519 423 ’haec
547 389 707 423 autem
735 378 876 422 altera
904 377 955 421 in
981 386 1151 422 terram
1179 393 1205 421 e
1237 377 1417 438 scapha.

178 453 242 498 Ut
267 468 377 512 prae
403 451 574 496 timore
597 451 647 495 in
675 466 829 514 genua
862 450 913 494 in
942 448 1091 494 undas
1126 448 1360 495 concidit!

179 523 315 569 Salva
334 525 413 580 ’st,
443 523 586 569 evasit
617 539 678 567 ex
706 538 829 583 aqua
851 541 862 571 ;
887 521 988 585 jam
1022 521 1073 566 in
1102 520 1239 567 litore
1269 532 1349 567 est.

179 594 274 640 Sed
303 594 668 640 dextrovorsum
692 610 851 639 avorsa
884 594 921 639 it
950 593 1001 639 in
1025 593 1200 639 malam
1227 599 1428 641 cruce'rn.

178 668 308 714 Hem
326 703 340 727 ‚
378 668 550 734 errabit
580 669 710 714 illaec
736 668 883 714 hodie
904 671 914 715 !

569 763 604 795 D
644 762 679 795 A
714 762 744 795 E
781 763 824 795 M
864 763 896 796 o
934 764 967 796 N
1005 763 1035 795 Ε
1074 761 1111 795 S.

934 824 1071 894 Quid
1102 823 1154 869 id
1183 822 1324 870 refert
1351 821 1467 868 tua?

539 910 561 944 s
600 911 627 943 c
664 911 694 943 E
732 911 759 943 P
796 910 830 943 A
867 911 899 944 R
936 913 967 944 N
1005 912 1025 944 1
1064 911 1112 944 o.

181 971 230 1018 Si
262 972 323 1017 ad
355 987 520 1018 saxum
551 987 651 1031 quo
675 972 866 1032 capessit
884 1006 897 1028 ‚
931 989 983 1018 ea
1010 972 1233 1017 deorsum
1262 970 1417 1028 cadit,

180 1045 435 1091 Errationis
468 1043 629 1090 fecerit
660 1045 998 1105 conpendium.

576 1131 612 1162 D
654 1130 687 1162 A
725 1130 754 1161 Ε
793 1129 835 1161 Μ
871 1130 902 1162 0
942 1130 974 1161 N
1008 1129 1038 1160 Ε
1077 1128 1112 1161 s.

183 1189 230 1236 Si
261 1201 317 1235 tu
350 1188 410 1234 de
444 1190 630 1234 illarum
662 1200 941 1233 coenaturus
971 1187 1151 1248 vesperi
1182 1202 1257 1244 es,

181 1262 276 1307 Illis
306 1262 573 1307 curandum
603 1276 797 1318 censeo,
825 1259 1103 1321 Sceparnio:

182 1333 231 1379 Si
257 1334 386 1395 apud
417 1350 496 1380 me
531 1350 688 1379 esurus
724 1350 768 1378 es
786 1367 799 1390 ‚
830 1333 949 1378 mihi
980 1331 1079 1378 dari
1110 1346 1306 1394 operam
1334 1331 1464 1379 Volo.

542 1419 564 1452 s
601 1419 627 1451 c
667 1420 697 1452 Ε
732 1419 760 1451 Ρ
798 1418 833 1451 Α
869 1420 903 1452 R
937 1418 971 1451 N
1006 1418 1027 1450 1
1067 1417 1115 1450 ο.

181 1479 373 1529 Bonum
404 1497 710 1544 aequomque
744 1497 853 1525 oras.

573 1567 609 1599 D
646 1565 682 1598 A
716 1565 746 1597 E
784 1565 826 1597 M
864 1565 896 1597 Ο
931 1564 965 1597 N
999 1562 1029 1596 E
1066 1561 1103 1596 S.

751 1624 961 1686 Sequere
987 1640 1066 1669 me
1093 1623 1178 1669 hac
1209 1638 1339 1687 ergo.

541 1708 1107 1744 SCEPARNIO.

1270 1757 1465 1820 Sequor.

518 1878 928 1925 SCENA-
986 1879 1143 1924 ΙΙΙ.

537 2019 1123 2055 PALAESTRA.

183 2074 363 2187 NIM
375 2150 394 2183 1
407 2150 438 2183 o
466 2138 723 2184 hominum
743 2137 960 2185 fortunae
977 2139 1136 2184 minus
1158 2138 1348 2184 miserae
1362 2150 1465 2181 me·

440 2221 714 2270 morantur,

114 2318 119 2322 -
179 2285 341 2353 Quam
372 2301 530 2346 reapse
564 2285 861 2346 experiundo
888 2285 939 2330 iis
967 2284 1105 2331 datur
1133 2282 1382 2329 acerbum!

182 2355 291 2406 Hoc
322 2356 429 2403 Deo
461 2356 784 2417 conplacitum
809 2357 899 2403 ’sti‘
941 2372 1022 2402 me
1055 2356 1147 2401 hoc
1183 2363 1353 2401 ornatu
1389 2369 1480 2400 or-.

430 2441 587 2475 natam
605 2463 621 2486 ‚

1621 2453 1630 2555 ...f-*A
1627 2413 1630 2435 ,Α
