1630 2866
205 212 348 251 ⁴212
569 198 1216 250 PSEUDOLUS.
1449 217 1542 254 v.1

571 393 977 442 'SCENA
1059 395 1220 443 VII.

283 539 1497 585 HARPAX,SIMO‚BAL1210.

701 695 1108 730 HARPAX.

244 758 552 873 MALUS
588 834 635 870 et
668 839 881 885 nequam
899 824 954 871 ’st
979 824 1155 884 homo,
1179 825 1265 888 qui
1288 825 1424 873 nihili
1445 827 1538 874 im«

503 899 692 960 perium
727 899 828 944 heri

244 972 327 1019 Sui
357 989 512 1019 servos
540 972 661 1018 facit.
695 972 830 1018 nihili
865 983 932 1019 est
963 983 1155 1033 autem,
1185 990 1330 1021 suurn

245 1046 350 1113 Qui
378 1046 587 1092 officium
608 1045 756 1091 facere
781 1046 1018 1093 inmemor
1042 1059 1109 1094 est
1123 1083 1137 1106 ,
1182 1048 1270 1095 nisi
1291 1048 1414 1095 adeo
1430 1065 1535 1096 mo·-

497 1130 636 1164 nltus.

241 1192 368 1238 Nam
391 1192 490 1252 qui.
507 1191 679 1237 liberos
704 1207 797 1237 esse
825 1192 951 1239 illico
986 1210 1033 1240 se
1068 1195 1384 1253 arbitrantur,

239 1267 316 1313 Ex
339 1278 597 1326 conspectu
625 1264 727 1310 heri
762 1265 798 1309 si
831 1266 903 1311 sui
933 1282 980 1312 se
1009 1267 1302 1314 abdiderunt
1319 1302 1334 1325 ,

238 1339 568 1393 Luxuriantur
586 1372 601 1395 ‚
632 1338 893 1384 lustrantur
909 1373 924 1397 ‚
959 1339 1224 1386 comedunt
1257 1339 1397 1402 quod

236 1414 462 1470 Habent,
497 1413 530 1457 ii
556 1428 738 1457 nornen
770 1411 856 1458 diu
888 1413 1122 1460 servitutis
1154 1413 1344 1460 ferunt:

238 1487 286 1533 Ν
289 1504 341 1533 ec
358 1487 475 1533 boni
493 1486 651 1550 ingeni
671 1486 944 1548 quidquam
962 1487 1013 1532 in
1030 1487 1099 1533 his
1117 1488 1238 1534 inest
1249 1522 1264 1545 ,
1282 1487 1371 1533 nisi
1383 1498 1439 1534 ut
1455 1487 1529 1532 in·-

238 1557 402 1605 Probis
429 1575 476 1605 se
499 1557 675 1604 artibus
706 1569 914 1604 teneant.
949 1574 1061 1605 cum
1087 1559 1159 1606 his
1182 1559 1301 1607 mihi
1330 1575 1422 1607 nec
1453 1560 1528 1606 lo-

492 1646 573 1675 cus
592 1664 607 1688 ‚
641 1647 729 1676 nec
761 1648 914 1677 sermo

238 1707 504 1764 Convenit,
537 1722 699 1767 neque
728 1707 797 1752 his
831 1723 1064 1768 umquam
1096 1706 1268 1752 nobilis
1299 1705 1386 1752 fui.

237 1779 343 1844 Ego
360 1814 374 1837 ,
418 1791 473 1825 ut
503 1779 623 1824 mihi
657 1779 948 1840 imperatum
981 1789 1080 1836 est,
1120 1778 1204 1824 etsi
1241 1776 1372 1824 abest
1390 1809 1406 1835 ,
1446 1777 1526 1823 hic

494 1851 658 1897 adesse<
676 1852 854 1897 herum

233 1923 460 1972 Arbitror.
488 1941 615 1971 nunc
644 1941 731 1989 ego
754 1925 892 1971 illum
916 1935 1082 1972 metuo
1098 1959 1113 1983 ‚
1138 1940 1293 1986 quom
1318 1924 1396 1971 hic
1417 1939 1518 1971 non

494 1998 650 2048 adest;

229 2071 335 2128 Ne,
366 2088 518 2132 quom
548 2070 680 2115 assiet
697 2103 711 2127 ,
740 2079 967 2116 metuam.
995 2070 1038 2116 ei
1066 2070 1132 2116 rei
1152 2086 1346 2132 operam
1375 2068 1511 2116 dabo.

228 2143 355 2189 Nam
382 2160 461 2188 me
486 2143 537 2188 in
567 2144 761 2189 taberna
783 2160 936 2204 usque
965 2139 1122 2190 adhuc
1151 2143 1319 2190 sineret
1338 2141 1479 2205 Syrus
1495 2174 1513 2200 ,

229 2216 369 2285 Quoi
399 2215 513 2262 dedi
539 2216 836 2279 symbolum:
870 2216 1046 2274 mansi,
1078 2227 1133 2262 ut
1155 2217 1349 2280 jusserat
1367 2229 1404 2259 :¹
1432 2263 1438 2267 ,

227 2288 364 2335 Leno
397 2289 481 2335 ubi
514 2301 629 2334 esset
662 2289 796 2336 dorni
814 2323 829 2347 ,
858 2306 936 2335 me
965 2289 1089 2335 aibat
1115 2301 1346 2333 arcessere.

226 2361 411 2411 Verum
435 2364 521 2410 ubi
550 2364 585 2408 is
611 2379 713 2410 non
738 2365 900 2424 venit,
929 2380 1019 2411 nec
1042 2372 1211 2420 vocat,
1241 2361 1384 2409 venio
1411 2359 1508 2421 huc

477 2437 604 2481 ultro
622 2470 636 2494 ‚
1433 2429 1435 2431 ¹

1627 2121 1630 2142 ³,

1626 2146 1630 2167 1
