1630 2866
60 169 191 228 v.56
377 163 650 213 ACTUS
702 164 760 211 V.
812 163 915 211 SC.
968 164 1028 211 V.
1246 175 1342 220 411

485 288 508 322 s
546 288 578 321 Τ
612 288 634 321 1
669 288 696 320 c
733 286 768 320 Η
803 286 839 319 U
876 286 915 320 s.

738 347 803 393 At
840 347 967 394 enim
994 345 1342 408 pulcherruma.

422 431 444 466 s
481 433 515 465 A
554 433 586 465 G
623 433 658 465 Α
692 434 726 467 R
760 433 781 465 1
817 434 851 466 N
887 432 924 464 υ
960 431 995 465 s.

60 491 151 538 Fac
182 505 269 537 nos
302 490 471 536 hilaros
504 492 741 538 hilariores
769 507 914 554 opera
949 500 1097 551 atque
1132 489 1344 536 adventu

314 575 416 609 tuo.

62 636 260 699 Peregre
289 635 590 682 advenientes
621 644 670 680 te
700 635 995 697 expetimuS,
1031 633 1345 696 Stephanisci-

321 708 459 754 diurn
477 742 492 764 ‚
521 709 620 753 mel
647 725 843 766 meum,

65 779 113 826 Si
145 780 400 827 amabilitas
424 780 513 826 tibi
535 791 692 826 nostra
711 781 894 843 placet,
921 781 957 828 si
981 781 1070 828 tibi
1098 780 1242 827 ambo
1269 795 1345 825 ac-

315 847 443 916 cepti
475 869 648 900 sumus.

424 997 816 1046 SCENA
919 997 968 1043 V.

59 1128 702 1170 STEPHANIUM,
770 1102 1344 1165 SAGARJN'US,

459 1210 940 1246 STICHUS.

387 1337 1043 1372 STEPHANIUM.

58 1392 324 1503 MORE
338 1470 379 1501 M
402 1455 540 1502 vobis
557 1471 715 1519 geram
728 1489 742 1512 ‚
763 1472 895 1501 meae
922 1455 1129 1501 deliciae.
1149 1449 1262 1500 narn
1283 1455 1347 1500 ita

66 1541 69 1547 “
315 1546 395 1575 me
421 1528 585 1574 Venus
610 1544 811 1574 amoena
836 1540 991 1584 amet,

60 1599 126 1647 Ut
157 1616 244 1664 ego
272 1601 350 1646 hic
370 1600 662 1665 jamdudum
692 1600 888 1647 exissem
914 1599 1075 1646 simitu
1097 1598 1347 1645 vobiscum

313 1672 461 1730 foras,

61 1746 160 1792 Nisi
190 1760 269 1792 me
294 1746 428 1797 vobis
460 1762 752 1793 exornarem.
781 1763 894 1794 narn
922 1748 987 1793 ita
1010 1758 1078 1794 est
1094 1747 1346 1811 ingenium

319 1818 553 1864 muliebre
568 1853 583 1876 ‚

61 1891 190 1938 Bene
231 1909 384 1953 quom
412 1894 539 1939 lauta
568 1903 665 1951 est,
695 1905 839 1952 tersa,
871 1904 1033 1940 ornata
1051 1928 1067 1952 ‚
1101 1895 1209 1941 ficta
1242 1905 1339 1947 est;

316 1965 488 2013 infecta
518 1978 586 2013 est
613 1978 788 2028 tamen.

65 2038 327 2100 Nimioque
365 2038 451 2085 sibi
487 2040 659 2086 mulier
695 2042 924 2088 meretrix
962 2041 1135 2105 reperit
1175 2042 1345 2089 odium

320 2127 449 2157 oclus
476 2140 480 2141 ν

63 2181 156 2230 Sua
176 2183 491 2239 inmunditia,
518 2198 665 2243 quam
693 2185 744 2230 in
772 2196 1062 2247 perpetuom
1091 2197 1147 2233 ut
1164 2188 1350 2248 placeat

323 2255 559 2302 munditia
592 2272 687 2302 sua.

422 2341 445 2374 S
482 2340 518 2373 A
553 2339 588 2373 G
623 2341 657 2374 A
691 2343 726 2375 R
759 2341 781 2374 Ι
814 2342 851 2376 N
887 2342 923 2377 U
960 2343 1000 2377 S·

65 2397 279 2447 Nimium
310 2401 471 2463 lepide
500 2400 704 2448 fabulata
730 2412 811 2447 est.
