1630 2866
263 176 352 235 αφ
678 172 1112 222 RUDENs
1452 187 1544 231 m7

257 282 394 353 Quid
426 283 518 347 agis
548 281 640 327 tu?

613 366 649 400 A
685 367 728 400 M
764 366 793 399 P
830 366 860 399 E
896 366 928 399 L
964 367 986 400 I
1023 365 1046 401 S
1081 367 1109 400 C
1146 366 1192 402 A.

520 427 741 476 Aetatem
761 428 893 475 haud
915 429 1038 475 mala
1053 430 1188 475 male.
1243 456 1246 457 ν

612 524 644 557 Τ
680 524 714 558 R
749 523 784 556 A
825 524 851 556 C
890 522 925 556 H
961 523 997 557 A
1030 523 1063 557 Ι.
1097 523 1120 556 1
1160 522 1208 556 O·

1110 582 1283 631 Melius
1309 582 1545 631 ominare!

610 669 646 702 A
683 670 727 704 M
762 669 790 701 P
826 669 858 702 E
894 669 925 702 L
962 670 982 702 1
1018 669 1042 703 S
1078 669 1106 703 C
1141 668 1190 702 A.

253 730 434 776 Verum
455 746 620 776 omnes
635 730 863 792 sapientes
884 728 1022 775 decet
1038 727 1255 775 conferre
1273 738 1322 774 et
1333 727 1543 775 fabulari.

252 803 349 850 Sed
365 804 696 867 Pleusidippus
715 815 827 850 tuus
848 803 987 850 herus
1011 803 1122 861 ubi,
1139 802 1312 850 amabo
1325 837 1341 862 ,
1359 801 1459 849 est?

612 899 644 932 T
679 901 714 934 R
749 899 786 933 A
821 900 847 933 C
883 899 921 933 H
955 899 991 932 A
1026 899 1058 933 I.
1092 899 1115 933 Ι
1151 899 1199 934 Ο.

1208 944 1213 951 ’
1297 951 1383 1017 Eja
1403 949 1545 998 vero!

254 1018 403 1090 Quasi
435 1033 539 1063 non
568 1018 626 1063 sit
654 1017 794 1063 intus,

611 1101 646 1133 A
680 1102 722 1134 M
759 1101 787 1132 P
823 1099 854 1131 E
891 1098 922 1132 I.
956 1099 977 1131 1
1012 1098 1035 1132 S
1072 1099 1100 1131 C
1138 1097 1189 1131 A.

337 1162 509 1223 Neque
526 1162 611 1222 pol
630 1172 697 1207 est
709 1195 723 1218 ‚
743 1176 905 1221 neque
923 1159 1047 1204 ullus
1065 1158 1268 1219 quidem
1285 1157 1382 1206 huc
1397 1159 1544 1207 venit.

611 1251 1204 1287 TRACHALIO.

253 1306 551 1355 Nonvenit?

610 1384 645 1417 A
681 1384 725 1418 M
759 1383 789 1416 P
826 1383 857 1415 E
893 1381 925 1415 L
959 1382 982 1415 1
1019 1381 1042 1416 s
1081 1382 1109 1415 c
1144 1380 1195 1416 A.

490 1442 614 1492 Vera
640 1444 894 1507 praedicas.

613 1532 645 1565 Τ
681 1534 715 1567 R
750 1532 785 1565 A
822 1531 849 1563 c
886 1529 921 1562 Η
956 1528 993 1562 Α
1026 1530 1058 1564 L
1093 1530 1116 1564 1
1152 1529 1199 1563 ο.

819 1591 934 1637 Non
957 1601 1024 1637 est
1043 1606 1237 1647 meum,
1258 1587 1538 1652 Ampelisca.

257 1663 353 1713 Sed
379 1680 525 1727 quam
547 1680 667 1712 mox
689 1676 881 1712 coctum
902 1665 957 1710 ’st
984 1663 1276 1726 prandium?

610 1759 647 1792 A
681 1759 726 1792 M
759 1759 788 1791 Ρ
824 1758 854 1790 Ε
891 1758 921 1790 Ι,
957 1758 979 1790 1
1017 1757 1040 1792 s
1075 1758 1103 1790 c
1140 1756 1189 1790 A.

741 1815 894 1886 Quod
922 1815 1210 1878 prandium,
1244 1814 1439 1864 obsecro
1458 1815 1542 1869 te?

610 1910 643 1943 Τ
678 1910 712 1943 R
747 1909 783 1943 A
821 1910 848 1942 c
887 1909 922 1942 Η
957 1909 992 1942 A
1029 1910 1060 1942 1.
1096 1910 1118 1943 1
1157 1911 1206 1944 o.

254 1968 442 2031 Nempe
469 1985 572 2016 rem
600 1969 813 2016 divinam
838 1969 984 2016 facitis
1008 1970 1101 2017 hic.

564 2080 572 2090 .
611 2055 646 2088 A
681 2056 726 2089 M
761 2056 789 2089 P
826 2056 857 2089 Ε
895 2056 928 2090 Ι,
963 2056 983 2089 1
1020 2055 1043 2090 s
1080 2057 1107 2090 c
1147 2057 1195 2090 A.

913 2117 1052 2187 Quid
1083 2118 1308 2176 somnias,
1333 2116 1537 2170 amabo?

611 2200 643 2233 Τ
678 2202 712 2235 R
747 2202 782 2235 A
819 2204 846 2235 c
883 2203 918 2237 H
955 2203 989 2237 A
1026 2204 1057 2237 1.
1093 2204 1115 2236 1
1153 2204 1198 2237 ο.

251 2261 391 2309 Certe
426 2261 523 2308 huc
563 2259 749 2309 Labrax
781 2264 1140 2326 Pleusidippum
1178 2263 1241 2310 ad
1280 2261 1534 2324 prandium

509 2347 698 2382 vocavit

247 2404 436 2455 Herum
470 2418 633 2456 meum
650 2443 667 2466 2
690 2410 829 2457 herus
856 2421 1019 2457 voster.
