1690 2872
298 164 388 209 472
595 147 1255 196 TRINUMMUS.
1448 167 1570 211 v.·54

298 255 624 317 Suspicionem
655 253 714 298 ab
742 252 1040 299 adulescente
1067 253 1305 300 amoveris.

297 327 520 375 Censebit
545 342 713 370 aurum
738 341 832 370 esse
855 342 881 370 a
907 335 1039 386 patre
1067 325 1260 372 allatum
1288 325 1389 372 tibi.

297 402 379 454 Tu
412 402 473 447 de
502 401 719 446 thesauro
754 416 920 445 sumes.

652 492 679 523 C
714 492 751 524 A
784 492 815 525 L
849 492 880 525 L
916 494 935 525 1
973 493 999 524 C
1038 491 1068 524 L
1104 491 1135 524 E
1171 491 1209 524 S.

838 557 841 565 “
924 553 1038 600 Satis
1069 554 1180 600 scite
1206 565 1253 599 et
1276 553 1442 616 probe.

301 625 610 695 Quamquam
630 626 723 671 hoc
745 641 824 670 me
844 625 1004 671 aetatis
1022 624 1351 687 sycophantari
1374 621 1540 686 pudet.

300 700 396 748 Sed
433 702 646 763 epistolas
677 701 871 762 quando
906 701 1165 763 obsignatas
1192 699 1378 756 afferet,

298 772 548 833 Siquidem
581 773 839 836 obsignatas
873 773 1098 818 adtulelit
1132 771 1342 834 epistolas
1361 806 1376 829 ‚

299 846 478 892 Nonne
511 847 736 893 arbitraris
769 864 880 892 eum
909 847 1258 927 adulescentem
1285 845 1418 908 anuli

302 920 489 966 Paterni
518 921 704 984 signum
734 921 950 967 novisse?

591 1012 1324 1047 MEGARONIDES.

960 1072 1113 1117 Etiam
1147 1082 1200 1116 tu
1233 1055 1392 1116 taces}5

302 1145 559 1191 Sexcentae
593 1144 653 1189 ad
688 1161 788 1190 earn
819 1161 919 1189 rem
944 1159 1122 1188 caussae
1155 1153 1352 1203 possunt
1377 1142 1576 1205 conligi:

302 1219 448 1263 Illum
465 1251 479 1275 ‚
510 1233 655 1277 quem
680 1217 872 1274 habuit,
900 1214 1136 1277 perdidit,
1164 1215 1309 1260 alium
1338 1224 1447 1275 post
1468 1213 1579 1260 fecit

562 1305 760 1334 novom.

299 1364 403 1422 Jam
440 1362 474 1406 si
490 1361 762 1422 obsignatas
796 1376 897 1406 non
933 1359 1083 1417 feret,
1115 1359 1207 1405 dici
1237 1359 1326 1405 hoc
1358 1368 1540 1420 potest,

305 1433 451 1494 Apud
482 1432 764 1493 portitoiem
800 1448 869 1477 eas
899 1431 1144 1494 resignatas
1174 1431 1261 1476 sibi

306 1506 637 1566 Inspectasque
670 1521 775 1549 esse.
813 1505 864 1549 in
889 1502 1186 1584 hujusmodi
1195 1500 1390 1565 negotio

307 1577 449 1624 Diem
481 1593 694 1622 sermone
729 1590 902 1634 terere,
934 1576 1146 1639 segnities
1170 1590 1297 1620 mera
1317 1574 1385 1619 ’.st
1427 1579 1430 1582 ’

308 1649 542 1717 Quamvis
572 1665 808 1695 sermones
839 1660 1034 1709 possunt
1064 1647 1194 1710 longi
1226 1645 1386 1692 texier.

305 1723 400 1768 Abi
423 1722 482 1767 ad
505 1723 775 1768 thesaurum
799 1723 897 1784 jam
929 1720 1173 1766 confestim
1205 1717 1504 1767 clanculum;

307 1791 472 1841 Servos
490 1826 504 1851 2
533 1795 920 1839 ancillas'amove.
958 1802 1105 1852 atque
1128 1787 1320 1835 audin'?

665 1886 692 1918 C
727 1885 762 1918 A
795 1884 828 1918 L
863 1884 894 1917 L
927 1883 949 1916 I
982 1884 1009 1916 G
1044 1883 1074 1916 L
1111 1883 1140 1915 E
1179 1882 1220 1916 S·

1326 1937 1464 2008 Quid
1487 1935 1586 1982 est?

599 2013 1322 2050 MEGARONIDES.

309 2079 516 2126 Uxorem
541 2093 735 2140 quoque
751 2076 897 2136 ipsam
922 2076 1042 2120 hanc
1058 2091 1159 2120 rem
1183 2087 1236 2121 ut
1254 2073 1530 2132 celes,.face.

310 2154 433 2199 Nam
463 2154 548 2215 pol
579 2163 728 2197 tacere
762 2165 1029 2209 numquam
1062 2149 1332 2209 quidquam
1361 2150 1414 2193 ’st
1445 2146 1579 2208 quod

564 2235 719 2285 queat.

316 2299 454 2369 Quid
474 2315 603 2347 nunc
622 2299 743 2346 stas?
763 2303 883 2361 quin
902 2309 949 2345 te
971 2297 1082 2345 hinc
1104 2310 1289 2343 amoves
1304 2326 1318 2350 ,
1340 2302 1387 2337 et
1409 2301 1455 2338 te
1473 2308 1581 2354 1119-

563 2372 675 2418 ves?
1095 2384 1116 2401 ⁰
