1630 2866
236 154 329 199 αν.»
660 142 1090 193 RUDENS.
1397 150 1522 208 ηε

684 258 715 291 L
752 258 784 290 A
825 259 852 291 B
891 260 924 293 R
960 261 995 293 A
1029 248 1081 294 x:
1109 259 1117 264 ·

237 320 350 365 Tibi
375 319 630 370 auscultavi
652 354 666 375 ‚
701 330 756 365 tu
781 320 1089 381 promittebas
1116 322 1234 369 mihi

235 390 338 435 Illic
372 406 465 434 esse
496 402 747 450 quaestum
773 408 1058 438 maxumum
1084 394 1405 442 meretricibus
1421 430 1439 455 ,

235 465 311 510 lbi
347 480 426 509 me
454 468 685 509 conruere
717 482 855 526 posse
884 467 1006 513 aibas
1042 467 1238 514 divitias.
1272 497 1274 501 s

595 548 622 580 c
658 548 693 581 Η
729 550 764 582 A
802 550 835 583 R
871 551 913 583 M
950 551 971 583 1
1007 552 1042 583 D
1084 552 1115 585 Ε
1150 550 1188 586 s.

228 611 337 669 Jam
368 609 639 671 postulabas
674 620 747 667 te,
782 609 1003 671 inputata
1025 611 1199 670 belua,

235 686 411 732 Totam
444 683 648 729 Siciliam
678 684 1025 731 devoraturum
1055 686 1271 732 insulam.

685 771 716 804 L
754 771 788 803 A
827 772 854 803 B
891 773 925 806 R
960 772 995 806 A
1031 773 1083 807 X.

236 832 491 902 Quaenam
520 832 716 878 balaena
746 850 913 879 meum
942 834 1124 881 voravit
1157 834 1406 893 vidulum,

236 907 424 952 Aurum
468 917 615 966 atque
650 917 901 971 argentum
938 908 1024 955 ubi
1059 925 1205 955 omne
1238 918 1526 971 conpactum

489 978 581 1024 fuit
599 980 620 1024 P
1395 999 1398 1001 ’

593 1064 621 1095 C
658 1063 692 1095 H
728 1063 762 1095 A
798 1064 831 1096 R
869 1064 911 1097 M
946 1065 968 1096 1
1002 1066 1039 1097 D
1076 1065 1107 1098 E
1144 1064 1182 1099 S.

234 1125 418 1170 Eadem
450 1125 553 1181 illa,
588 1124 758 1180 credo,
793 1139 915 1183 quae
943 1140 1110 1169 meum
1136 1126 1461 1188 marsupium,

237 1196 394 1265 Quod
421 1197 624 1257 plenum
654 1195 831 1259 argenti
860 1195 978 1253 fuit,
1009 1196 1059 1241 in
1090 1198 1356 1259 sacciperio.

685 1290 717 1323 L
752 1289 787 1322 A
822 1290 850 1321 B
887 1290 919 1323 R
955 1289 989 1322 A
1026 1289 1076 1322 X.

235 1351 397 1398 Eheu!
431 1351 644 1396 redactus
680 1366 785 1394 sum
819 1365 970 1410 usque
1008 1349 1070 1395 ad
1107 1350 1230 1397 hanc
1265 1367 1413 1399 unam
1430 1362 1526 1413 Otu-

490 1423 728 1478 niculam,

238 1497 300 1543 Et
334 1495 394 1541 ad
421 1497 511 1541 hoc
546 1496 787 1541 misellum
819 1494 1032 1556 pallium.
1068 1494 1190 1556 perii
1217 1495 1427 1557 oppido!

598 1583 623 1614 c
663 1582 697 1614 H
733 1582 768 1615 A
804 1583 837 1615 R
873 1582 916 1615 M
952 1581 972 1613 1
1010 1582 1046 1614 D
1084 1581 1114 1613 E
1151 1579 1186 1613 s.

235 1642 330 1688 Vel
357 1642 622 1688 consociare
649 1641 768 1687 mihi
805 1641 1007 1701 quidem
1038 1651 1201 1686 tecum
1225 1640 1356 1686 licet:

237 1715 425 1777 Aequas
454 1716 682 1761 habemus
708 1726 871 1775 partes.

692 1799 721 1831 L
761 1800 794 1831 A
832 1800 860 1831 Β
898 1799 931 1831 R
967 1798 1003 1831 A
1037 1799 1088 1832 x.

909 1858 1083 1905 Saltem
1116 1861 1151 1904 si
1180 1860 1298 1906 mihi

238 1934 552 1981 Mulierculae
583 1941 732 1977 essent
759 1932 934 1987 salvae,
962 1947 1063 1991 spes
1095 1932 1282 1992 aliquae
1306 1931 1475 1998 forent.

237 2005 380 2050 Nunc
411 2005 445 2049 si
473 2020 552 2048 me
579 2003 850 2047 adulescens
876 2002 1211 2063 Pleusidippus
1242 2002 1414 2050 viderit
1432 2036 1472 2062 ,v

237 2077 281 2123 A
310 2093 409 2137 quo
434 2075 742 2121 arrhabonem
773 2091 861 2136 pro
886 2075 1110 2120 Palaestra
1139 2091 1409 2136 acceperam
1426 2108 1440 2131 ‚

232 2150 339 2208 Jam
372 2165 418 2194 se
446 2147 692 2193 exhibebit
722 2147 797 2192 hic
827 2147 944 2193 mihi
980 2148 1243 2211 negotium.

593 2242 620 2274 C
661 2242 694 2274 H
732 2243 765 2274 A
802 2245 835 2276 R
871 2245 912 2276 M
950 2243 970 2275 1
1008 2244 1043 2276 D
1079 2243 1109 2276 E
1146 2241 1182 2274 S.

238 2304 390 2372 Quid,
409 2305 566 2362 stulte,
584 2305 739 2366 ploras
752 2305 772 2350 Ρ
785 2305 874 2350 tibi
892 2304 1091 2366 quidem
1109 2303 1282 2364 edepol
1299 2302 1432 2363 copia
1448 2302 1517 2363 ’st‚

237 2377 371 2425 Dum
399 2379 560 2443 lingua
587 2378 717 2425 vivet
735 2412 748 2436 ‚
782 2378 869 2440 qui
894 2394 994 2425 rem
1029 2378 1175 2423 solvas
1208 2375 1445 2422 omnibus.
