1630 2866
169 166 252 251 724·
537 188 1115 236 POENULUS.
1313 202 1476 255 mos}

444 308 1207 344 ANTERASTILIS.

186 382 316 451 Quia
350 382 451 446 jam
488 400 587 429 non
624 383 812 429 dudum
852 396 961 430 ante
998 385 1159 431 lucem
1193 383 1255 431 ad
1298 384 1468 432 aedem

447 456 640 503 Veneris
673 458 919 514 venimus,

189 526 371 574 Primae
402 540 455 575 ut
484 529 763 575 inferremus
790 532 951 594 ignem
978 531 1028 577 in
1056 547 1196 577 aram.

481 635 1216 670 ADELPHASIUM.

832 703 938 750 Ah!
972 715 1074 751 non
1107 705 1260 763 facto’
1263 714 1304 750 st
1333 714 1471 766 opus:

186 772 327 843 Quae
358 775 538 822 habent
566 787 803 822 nocturna
835 793 942 835 ora,
975 789 1127 825 noctu
1151 775 1474 823 sacruficatum

443 849 509 894 ire
538 861 802 911 occupant.

184 916 465 980 Priusquam
488 921 647 966 Venus
682 922 1054 985 expergiscatur,
1082 923 1212 986 prius
1238 921 1475 984 deprope-

442 1005 548 1037 rant
583 993 750 1042 sedulo

187 1062 476 1109 Sacruficare.
508 1080 616 1108 nam
639 1063 862 1126 vigilante
884 1064 1070 1109 Venere
1095 1064 1130 1108 si
1148 1063 1341 1110 veniant
1363 1079 1442 1108 eae
1462 1092 1478 1116 ,

184 1136 257 1181 Ita
281 1147 391 1182 sunt
417 1147 603 1198 turpes,
632 1137 774 1183 credo
803 1150 978 1184 ecastor
1006 1136 1248 1184 Venerem
1275 1136 1424 1198 ipsam
1447 1152 1474 1182 e

442 1212 556 1259 fano
589 1212 770 1277 fugent.

440 1286 1237 1355 RGORASTOCLES.

187 1371 407 1434 Milphio.

611 1459 654 1492 M
691 1459 711 1491 1
749 1459 781 1492 L
813 1459 841 1491 P
879 1459 913 1491 H
948 1459 968 1492 1
1008 1460 1058 1492 o.
1128 1475 1135 1487 ·

332 1527 522 1590 Edepol
552 1529 874 1590 Milphionem
903 1529 1155 1575 miserum!
1197 1529 1316 1590 quid
1346 1541 1479 1578 nunc

1191 1602 1260 1648 vis
1290 1602 1431 1656 tibi?

444 1695 1250 1731 AGORAsTocLEs.
1428 1666 1440 1680 ⁵

188 1762 402 1810 Obsecro
436 1763 622 1821 hercle,
655 1777 711 1810 ut
736 1768 886 1811 mulsa
917 1768 1159 1828 loquitur!

610 1870 1058 1908 MILPHIO.

922 1939 1054 1985 Nihil
1082 1940 1168 1985 nisi
1197 1940 1445 1987 laterculos
1462 1975 1479 1999 ,

193 2006 439 2058 sesamum
460 2044 474 2067 ,
511 2014 930 2073 papaveremque',
972 1999 1185 2075 triticum
1205 2046 1236 2071 ,⁷
1253 2024 1301 2062 et
1330 2012 1480 2062 frictas

443 2099 601 2129 nuces.

449 2178 1241 2215 AGORASTOGLES.

184 2244 374 2307 Ecquid
404 2263 560 2292 amare
591 2247 793 2293 videor?
909 2252 912 2255 ’

611 2351 654 2384 Μ
691 2351 712 2383 1
749 2351 780 2383 L
816 2351 844 2384 P
882 2352 916 2384 H
953 2353 973 2384 1
1011 2353 1059 2386 o.

344 2417 619 2479 Damnum,
653 2422 791 2482 quod
819 2422 1085 2468 Mercurius
1108 2422 1305 2467 minime
1335 2434 1475 2471 amat.
