1630 2866
83 224 207 270 v.95
392 201 687 252 ACTUS
731 202 793 249 V.
843 201 949 248 SC.
1001 202 1038 247 Ι,
1279 216 1369 257 927

87 318 201 365 Illos
221 312 515 368 accubantis,
539 308 772 372 potantis,
791 308 1013 365 amantiS‚
1038 324 1149 354 cum
1174 310 1335 356 scortis

85 393 283 456 Reliqui
299 427 315 451 ‚
340 399 402 437 et‘
417 406 582 436 meum
601 397 810 433 scortum
833 386 1038 445 ibidem,
1071 387 1207 433 cordi
1226 400 1371 449 atque

342 471 503 517 animo
526 485 612 514 suo

92 553 434 614 Obsequentes.
447 548 531 593 sed
546 557 802 608 postquam
816 547 1071 605 exsurrexi,
1083 546 1222 593 'orant
1237 547 1371 605 med,

346 627 418 673 uti
452 627 630 672 saltem.

94 708 174 755 Ad
200 710 330 754 hunc
351 723 431 752 me
454 705 661 750 modum
680 704 846 761 intuli,
869 716 925 750 ut
952 706 1039 750 illis
1066 706 1371 754 satisfacerem

61 832 65 833 ⁷
343 798 405 828 ex
437 780 704 842 disciplina:
738 781 920 844 quippe
949 798 1038 846 ego

93 861 199 931 Qui
224 859 377 922 probe
395 860 553 905 Ionica
581 859 827 920 perdidici.
857 862 940 906 sed
957 862 1236 923 palliolatim
1254 864 1372 909 ami-

346 943 447 978 ctus
933 962 955 970 ω

93 1011 168 1059 Sic
182 1013 270 1069 hac
290 1011 453 1058 incessi
470 1010 784 1057 ludibundus.
806 1011 1045 1071 plaudunt
1066 1014 1263 1074 partim:
1286 1015 1377 1060 cla-

347 1092 520 1138 mitant
547 1106 626 1135 me
645 1124 659 1146 ‚
697 1101 752 1135 ut
775 1104 992 1136 revortar.

93 1169 276 1233 Occepi
302 1170 465 1216 denuo
491 1168 583 1212 hoc
601 1167 750 1212 modo
774 1169 916 1214 volvi.
939 1169 1069 1215 idem
1088 1171 1262 1216 amicae
1293 1158 1378 1217 da-

154 1258 164 1261 ”
341 1247 456 1293 bam
490 1262 570 1291 me
598 1261 759 1302 meae,

92 1325 159 1373 Ut
178 1342 258 1373 me
288 1335 487 1372 amaret;
517 1323 604 1369 ubi
630 1324 1004 1379 circumvortor‚
1036 1323 1175 1368 cado:
1209 1324 1260 1369 id
1285 1323 1376 1370 fuit

345 1400 512 1446 naenia
542 1399 672 1444 ludo.

29 1487 35 1494 '
94 1482 261 1540 Itaque
291 1478 411 1523 dum
449 1479 631 1534 enitor,
665 1480 783 1538 pax!
812 1479 914 1540 jam
947 1495 1098 1539 paene
1127 1481 1376 1541 inquinavi

347 1555 560 1616 pallium.
594 1557 766 1600 nimiae
796 1567 905 1601 tum

96 1633 344 1698 Voluptati
367 1633 539 1694 edepol
564 1633 634 1679 fui
655 1635 717 1678 ob
737 1650 907 1679 casum.
936 1634 1075 1680 datur
1101 1637 1370 1683 cantharus:

352 1714 468 1763 bibi.
503 1724 733 1758 conmuto

99 1783 478 1856 mico'panium,
508 1791 631 1836 illud
657 1790 833 1852 posiv12
866 1790 981 1836 inde
1006 1791 1101 1837 huc
1129 1792 1250 1850 exii,
1280 1809 1379 1838 cra-

241 1862 246 1868 *
347 1873 513 1933 pulam
542 1870 663 1916 dum
691 1885 978 1916 amoverem.

99 1951 241 1997 Nunc
263 1950 326 1995 ab
353 1950 471 1995 hero
496 1950 558 1994 ad
574 1949 746 1994 herum
772 1965 939 1994 meum
958 1948 1186 2014 majorem
1202 1949 1342 1995 venio
1360 1983 1377 2008 ,

349 2023 519 2071 foedus
544 2038 970 2072 conmemoratum.

101 2104 325 2169 Aperite,
353 2104 548 2164 aperite!
574 2105 713 2151 heus!
748 2105 932 2154 Simoni
956 2124 1034 2155 me
1051 2107 1235 2166 adesse,
1270 2107 1375 2167 quis

351 2191 577 2228 nuntlate.
