1630 2866
55 156 101 188 v.
128 153 183 201 19
356 129 628 181 ACTUS
680 127 741 176 V.
791 126 894 176 SC.
948 128 1026 174 11.
1243 142 1339 190 339

510 248 882 284 GRrPus.

1122 298 1341 348 Tumtu

57 369 306 418 Mendicus
330 368 410 415 ee?

510 443 542 477 1.
577 444 613 479 A
647 444 677 478 Β
714 445 750 478 R
783 442 820 476 A
853 441 907 476 x.

385 511 599 576 Tetigisti
622 529 720 558 acu.

404 592 407 594 ’
514 605 549 639 G
584 606 619 640 R
654 605 676 639 1
708 605 739 639 P
778 603 816 637 u
851 601 892 637 s·

746 670 953 719 Videtur
983 671 1125 738 digna
1149 671 1313 721 forma.

22 764 25 765 ⁷
61 741 160 790 Sed
187 740 308 803 quid
341 739 429 787 tibi
457 739 558 787 est?

245 836 259 850 ·
512 834 544 867 L
580 831 615 865 A
651 831 680 865 Β
717 831 752 865 R
787 832 824 864 A
857 830 910 864 x.

478 902 579 948 Hac
603 902 821 963 proxima
839 892 983 946 nocte
1000 898 1052 946 in
1069 899 1189 948 mari
1206 900 1339 947 elavi.

63 973 399 1026 Confracta'est
416 976 557 1021 navis.
589 974 804 1036 perdidi,
827 972 1072 1034 quidquid
1095 986 1219 1032 erat,
1246 973 1339 1019 mi-

311 1066 382 1096 ser
407 1049 475 1095 ibi
503 1064 662 1094 omne.

260 1124 262 1127 ’
512 1139 547 1175 G
580 1142 615 1174 R
650 1142 672 1174 1
707 1141 736 1175 P
774 1138 812 1174 u
848 1139 889 1175 s.

61 1195 196 1267 Quid
219 1193 498 1258 perdidisti?

515 1279 548 1313 1.
583 1279 619 1312 A
655 1280 684 1312 B
722 1280 756 1314 R
791 1280 828 1314 A
861 1279 911 1314 x.

282 1348 518 1395 Vidulum
532 1363 646 1394 cum
661 1365 773 1394 auro
789 1359 937 1409 atque
955 1355 1151 1412 argento
1170 1347 1340 1393 multo.

520 1449 555 1482 G
590 1449 625 1482 R
659 1449 679 1481 1
714 1449 743 1481 P
779 1449 814 1480 U
853 1448 890 1481 s.

66 1519 253 1580 Ecquid
269 1518 526 1564 meministi
544 1519 595 1564 in
613 1519 811 1577 vidulo,
839 1520 924 1580 qui
948 1519 1099 1581 perit,
1128 1518 1249 1579 quid
1263 1519 1341 1563 in-

315 1591 459 1638 fuerit
486 1592 553 1638 ibi
570 1592 592 1637 ?

228 1736 231 1737 ⁷
518 1685 550 1718 1.
586 1685 623 1718 A
657 1684 686 1716 B
722 1685 758 1719 R
790 1684 827 1718 A
860 1683 910 1718 x.

67 1753 204 1823 Quid
221 1752 389 1810 refert,
416 1754 501 1816 qui
528 1753 700 1819 periit?
753 1747 761 1759 ⁸
831 1763 843 1775 ·

522 1848 555 1881 G
590 1849 625 1881 R
659 1848 680 1880 1
715 1846 743 1879 P
781 1845 817 1880 U
854 1846 894 1881 S.

389 1916 574 1962 Tamen
595 1916 631 1961 si
649 1932 751 1962 non
770 1916 861 1962 hoc
877 1950 892 1975 ,
910 1914 1042 1961 aliud
1063 1913 1343 1961 fabulemur.

70 1987 208 2059 Quid
227 1987 263 2033 si
288 2002 374 2051 ego
395 1987 534 2032 sciam
561 1987 647 2049 qui
671 1987 937 2034 invenerit?
966 1989 1080 2035 volo
1101 2003 1163 2032 ex
1186 1999 1233 2032 te
1256 1987 1345 2032 sci-

329 2075 380 2104 re
407 2074 545 2123 signa.

519 2150 552 2183 L
585 2149 621 2183 A
659 2150 688 2182 B
725 2151 759 2184 R
793 2149 828 2182 A
865 2150 914 2184 X.

75 2213 273 2259 Nummi
303 2210 563 2275 octingenti
588 2210 716 2255 aurei
743 2210 793 2255 in
821 2210 1060 2271 marsupio
1091 2209 1347 2256 infuerunt.

64 2285 314 2335 ,Praeterea
349 2295 545 2329 centurn
575 2298 714 2331 mnae
746 2282 1017 2344 Philippeae
1048 2282 1098 2327 in
1131 2285 1347 2344 pasceolo

329 2372 513 2405 seorsus.

1041 2429 1145 2479 Ya
