1690 2872
317 185 410 246 436
615 184 1276 238 TRINUMMUS.
1507 193 1605 240 v.8

313 294 493 342 Avarus
513 329 542 362 ,ι
564 294 777 340 invidus:
812 311 996 342 sacrum
1030 297 1318 359 profanum,
1350 294 1607 362 publicum

567 366 808 428 privatum
831 366 1033 414 habent:

280 459 284 463 ’
311 441 486 489 Hiulca
508 458 634 507 gens.
661 442 777 487 haec
799 459 887 507 ego
907 444 1078 492 doleo:
1102 447 1218 494 haec
1243 459 1356 496 sunt
1383 465 1509 512 quae
1525 467 1607 498 me

574 516 859 562 excruciant.

310 592 442 641 Haec
469 592 566 640 dies
588 605 852 655 noctesque
878 594 967 641 tibi
989 607 1131 644 canto
1147 632 1162 657 ,
1182 610 1240 647 ut
1265 615 1439 650 caveas.
1469 596 1606 666 quod

565 685 714 715 manu
744 685 847 715 non
876 682 1070 731 queunt

306 743 527 811 Tangere
544 780 558 804 ‚
577 757 768 792 tanturn
800 746 864 792 fas
890 747 1097 808 habent,
1129 767 1231 813 quo
1260 770 1432 802 manus
1459 755 1602 803 absti-

568 829 741 864 neant:

310 897 506 970 Cetera,
538 913 684 958 rape,
720 898 875 955 trahe,
913 897 1055 963 fuge,
1091 900 1196 948 late·
1226 902 1452 975 lacrumas
1488 905 1604 952 haec

567 971 714 1028 mihi,
750 988 904 1032 quom
926 973 1071 1019 video
1088 1008 1104 1031 ,

305 1052 545 1108 Eliciunt‚
569 1051 684 1111 quia
716 1067 804 1114 ego
838 1051 899 1095 ad
931 1052 1023 1097 hoc
1050 1068 1199 1116 genus
1227 1054 1487 1103 hominum
1509 1055 1603 1104 du·-

574 1139 683 1169 rav1‚
711 1123 832 1184 quin
858 1123 988 1185 prius

305 1202 388 1251 Me
409 1201 470 1247 ad
486 1202 647 1262 plures
668 1200 943 1260 penetravi?
970 1215 1084 1247 narn
1109 1201 1160 1247 hi
1182 1219 1336 1251 mores
1359 1204 1597 1270 majorum

560 1273 782 1320 laudant:

304 1354 513 1404 Eosdem
541 1353 780 1409 lutulant,
811 1367 932 1412 quos
959 1351 1263 1400 conlaudant.
1250 1301 1418 1414 ''hisce
1445 1371 1535 1420 ego
1552 1368 1603 1403 te

560 1425 738 1471 artibus
761 1426 954 1489 gratiam

304 1505 446 1552 Facio
473 1520 572 1550 neu
588 1504 734 1559 colas,
754 1519 851 1547 neu
878 1502 1046 1548 inbuas
1068 1502 1330 1566 ingenium.
1358 1519 1471 1553 meo
1492 1522 1601 1554 mo-
1654 1527 1668 1543 ι

564 1576 629 1622 do
647 1610 662 1633 ,
700 1586 748 1621 et
782 1575 997 1621 moribus
1023 1575 1175 1621 vivito

306 1658 544 1720 Antiquis.
568 1672 692 1718 quae
712 1670 799 1718 ego
821 1654 910 1700 tibi
932 1653 1172 1715 praecipio
1188 1688 1204 1712 ,
1228 1646 1291 1701 ea=
1300 1653 1457 1704 facito.
1482 1656 1603 1704 nihil

567 1747 656 1794 ego
680 1730 790 1775 istos

305 1811 472 1856 Moror
504 1808 658 1854 fatuos
686 1822 841 1853 mores
858 1840 872 1864 ‚
906 1816 955 1853 et
984 1804 1228 1865 turbidos,
1271 1806 1449 1869 quibus
1477 1807 1598 1856 boni

569 1881 859 1927 dedecorant
886 1895 947 1925 se.

306 1962 438 2010 Haec
467 1961 555 2008 tibi
573 1995 587 2017 ‚
624 1959 661 2004 si
692 1975 799 2004 mea
819 1957 1016 2019 imperia
1033 1973 1266 2020 capesses,
1297 1960 1452 2007 multa
1472 1960 1598 2008 bona

563 2034 615 2079 in
646 2043 840 2095 pectore
873 2032 1135 2079 consident.

663 2127 694 2160 1.
731 2128 767 2160 Y
806 2126 829 2160 s
860 2127 882 2159 1
919 2128 956 2160 T·
986 2128 1016 2160 F.
1055 2128 1086 2162 1.
1121 2128 1152 2161 Ε
1190 2127 1229 2162 s.

305 2196 503 2259 Semper
537 2212 626 2261 ego
653 2211 807 2256 usque
832 2194 894 2240 ad
926 2195 1048 2243 hanc
1079 2206 1282 2243 aetatem
1312 2195 1373 2242 ab
1394 2184 1594 2244 inennte

561 2263 879 2314 adulescentia
891 2302 906 2326 ‚

304 2346 423 2392 Tuis
459 2345 627 2393 servivi
669 2344 947 2393 servitutem
983 2345 1189 2408 imperiis
1225 2356 1274 2394 et
1302 2348 1594 2410 praeceptis,

567 2428 713 2479 pater.
