1630 2866
245 180 306 226 m
562 175 1140 226 POENULus
1401 195 1525 242 aff

499 288 1282 329 AGORASTocLE·S.

378 357 521 406 Diem
555 358 812 420 pulchrum
845 369 892 405 et
925 360 1164 409 celebrem
1195 375 1244 411 et
1272 369 1528 416 venustatis

699 438 702 439 ⁷
1075 436 1306 496 plenum!

238 507 455 571 Dignum
468 503 643 553 Veneri
656 504 767 565 pol,
785 504 903 564 quoi
919 515 1030 552 sunt
1041 505 1327 570 Aphrodisia
1346 511 1521 562 hodie!

652 610 694 642 M
731 610 752 642 1
788 608 818 641 L
855 609 884 641 Ρ
920 609 954 642 Η
990 610 1012 643 1
1048 610 1098 644 o.

237 679 423 741 Ecquid
463 677 630 743 gratiae
650 711 664 735 ‚
713 692 867 739 quom
906 678 1002 724 huc
1039 677 1160 725 foras
1199 688 1248 724 te
1295 678 1524 726 evocavi?

491 762 592 815 jam
621 766 724 795 non

236 827 319 875 Me
352 824 489 870 decet
517 822 635 869 cado
666 823 832 869 donari
869 822 970 870 vini
998 821 1203 869 veteris?
1237 821 1315 869 dic
1341 822 1457 869 dari.

237 898 316 942 Nil
346 895 634 957 respondes?
664 895 824 959 lingua
847 896 959 941 huic
994 895 1193 956 excidit,
1220 907 1276 942 ut
1297 912 1386 963 ego
1411 896 1539 957 opi-,r

486 985 591 1014 nor.
627 969 748 1028 quid
777 968 882 1025 hic,
911 969 1124 1027 malum,

236 1041 399 1088 Astans
433 1039 735 1100 obstipuisti?

486 1132 1279 1169 AGORASTOCLES.

503 1203 614 1251 Sine
641 1219 821 1249 amem:
858 1219 920 1251 ne
948 1219 1028 1248 me
1060 1202 1300 1262 obturba,
1333 1217 1386 1250 ac
1407 1212 1524 1251 tace.

653 1299 1104 1334 MILPHIO.

231 1357 402 1404 Taceo.
863 1415 865 1417 Ι

487 1429 1283 1466 AGORASTOCLES.

297 1501 347 1548 Si
367 1501 579 1548 tacuisses
596 1534 609 1558 ,
632 1500 734 1564 jam
755 1498 875 1545 istuc
899 1499 1057 1544 Taceo
1077 1514 1179 1544 non
1195 1508 1366 1546 natum
1380 1497 1519 1549 foret.

276 1641 278 1643 ‚
492 1590 1260 1629 ANTERASTILIS.

232 1661 428 1717 Eamus,
460 1674 567 1703 mea
597 1673 740 1702 soror.

526 1747 1257 1785 ADELPHASIUM.

365 1821 496 1867 Eho!
531 1819 702 1866 amabo
720 1853 733 1876 ‚
762 1819 882 1879 quid
900 1818 983 1864 illo
1008 1833 1139 1863 nunc
1163 1815 1419 1879 properas?

490 1919 1253 1954 ANTERASTILIS.

1329 1973 1405 2021 Ro
1493 1975 1522 2025 ἰ)
1561 1989 1574 2004 ·

231 2047 359 2117 Quia
377 2048 516 2093 herus
536 2062 623 2092 nos
644 2045 774 2107 apud
797 2043 965 2090 aedem
981 2043 1177 2091 Veneris
1200 1990 1481 2093 mantat.gas
1528 2036 1533 2040 ”

519 2146 1250 2181 ADELPHASIUM.

940 2244 941 2247 ,
1013 2206 1207 2254 Maneat
1235 2209 1333 2270 pol.
1357 2223 1510 2274 mane.

231 2276 394 2323 Turba
423 2288 491 2325 est
525 2293 655 2324 nunc
690 2279 819 2341 apud
851 2296 989 2327 aram.
1021 2297 1082 2327 an
1109 2291 1158 2327 te
1191 2281 1259 2327 ibi
1292 2280 1360 2327 vis
1387 2280 1510 2326 inter

482 2360 583 2395 1stas
609 2367 831 2396 vorsaner

230 2417 476 2479 Pxosedas‚
507 2422 738 2482 pistorum
772 2422 966 2483 amicas,
999 2421 1216 2482 reliquias
1242 2419 1470 2479 alicarias,
