1630 2866
236 182 331 235 '144
537 170 1178 224 PSEUDOLUS.
1393 193 1515 240 mag

696 287 724 320 B
762 287 797 320 A
833 287 862 320 L
900 289 930 322 L
965 291 988 324 1
1025 293 1072 326 0.

1293 346 1402 404 Jam
1437 348 1523 395 diu

237 416 343 464 Scio
363 447 377 473 ,
405 415 488 476 qui
507 414 618 460 fuit:
650 430 780 460 nunc
804 414 909 475 quis
937 427 1004 463 est
1029 418 1089 476 is,
1118 419 1242 482 ipsus
1268 423 1392 468 sciat.
1419 441 1523 481 am·-¹

489 489 604 535 bula
635 500 705 534 tu.

592 575 620 607 P
658 575 680 608 S
718 574 747 607 E
787 574 823 607 U
860 574 894 608 D
936 574 967 608 0
1007 575 1038 608 L
1076 574 1112 608 U
1147 572 1182 609 S.

236 638 389 686 Potin’
424 648 481 683 ut
513 637 658 682 semel
686 636 836 682 modo
855 672 869 694 ,
904 636 1082 695 Ballio,
1115 637 1210 683 huc
1244 653 1357 685 cum
1386 641 1522 687 lucto

492 710 704 772 respicias
722 710 744 755 Ρ

690 797 718 829 Β
757 796 792 829 Α
828 797 859 830 L
895 796 925 829 L
961 796 990 829 Ϊ
1022 797 1069 830 O.

234 857 498 919 Respiciam
524 856 640 903 istoc
671 858 840 918 pretio.
879 874 990 903 nam
1019 857 1055 903 si
1085 856 1357 903 sacruficem
1390 872 1521 903 surn-

488 948 571 976 mo
584 931 704 988 >Jovi
724 964 739 988 ‚

237 1002 400 1064 Atque
433 1004 483 1048 in
515 1004 735 1048 manibus
764 1012 872 1047 exta
903 1013 1120 1059 teneam,
1156 1012 1211 1047 ut
1236 1002 1519 1064 porriciam,

318 1120 323 1128 ,
489 1074 669 1119 interea
702 1074 796 1118 loci

237 1147 286 1195 Si
300 1148 417 1194 lucri
434 1146 554 1208 quid
573 1146 738 1203 detur,
758 1146 919 1207 potius
936 1162 1037 1191 rem
1058 1145 1270 1193 divinam
1296 1147 1522 1194 deseram.

593 1240 622 1272 P
661 1238 683 1272 s
720 1239 749 1270 E
791 1240 826 1272 U
863 1240 899 1272 D
939 1240 970 1272 o
1009 1240 1038 1272 L
1078 1240 1115 1272 U
1150 1238 1186 1272 s.

235 1300 350 1347 Non
377 1310 533 1363 potest
560 1299 733 1361 pietate
766 1299 927 1346 obsisti
959 1300 1070 1345 huic
1087 1334 1102 1357 ,
1133 1310 1188 1345 ut
1215 1316 1287 1346 res
1311 1311 1422 1347 sunt
1445 1317 1524 1347 ce-

490 1372 646 1419 terae!

235 1445 365 1492 Deos
407 1445 607 1506 quidem
627 1479 641 1502 ,
679 1461 800 1505 quos
836 1460 1062 1490 maxume
1096 1460 1304 1506 aequom
1329 1445 1385 1491 ’st
1417 1460 1522 1491 me-

489 1529 653 1575 tuere,
682 1534 759 1563 eos
788 1517 976 1565 minimi
1004 1516 1127 1563 facit.

695 1612 723 1644 Β
763 1611 797 1644 Α
833 1611 863 1644 L
900 1611 930 1644 L
965 1611 986 1643 1
1026 1610 1079 1642 os

238 1674 548 1736 Conpellabo.
583 1675 706 1720 salve
740 1675 953 1720 multum
969 1706 983 1728 ‚
1023 1686 1153 1718 serve
1189 1669 1386 1717 Athenis
1416 1685 1522 1731 pes-

495 1762 642 1791 sume.
784 1735 788 1738 ⁶

596 1834 624 1865 P
663 1830 684 1865 s
723 1831 752 1862 E
789 1830 826 1862 U
863 1833 899 1864 D
936 1832 968 1864 ο
1004 1832 1034 1864 L
1072 1831 1108 1863 U
1143 1829 1179 1864 s.

237 1894 320 1942 Dii
351 1905 398 1940 te
430 1893 659 1952 Deaeque
690 1902 852 1936 ament
879 1892 958 1938 vel
989 1891 1130 1956 hujus
1158 1889 1416 1948 arbitratu,
1444 1891 1522 1936 vel

487 1981 627 2010 meo:

234 2035 328 2089 Vel
361 2041 396 2086 si
427 2040 597 2102 dignus
622 2037 713 2083 alio
742 2047 910 2097 pacm,
945 2052 1106 2098 neque
1136 2050 1325 2098 ament,
1361 2054 1522 2100 neque

492 2111 664 2157 faciant
692 2110 833 2156 bene.

690 2197 718 2228 Β
759 2196 792 2228 Α
827 2197 858 2229 L
894 2196 924 2230 L
959 2197 980 2230 1
1018 2198 1063 2231 o.

240 2257 378 2328 Quid
407 2258 583 2324 agitur,
620 2256 874 2304 Calidore?

594 2351 624 2385 P
660 2350 682 2384 S
719 2349 750 2383 E
787 2350 821 2382 U
855 2351 889 2383 D
928 2351 960 2384 O
997 2351 1026 2384 L
1064 2349 1101 2382 U
1135 2348 1174 2382 S.

712 2410 940 2469 Amatur,
974 2422 1117 2470 atque
1150 2419 1315 2471 egetur
1340 2409 1514 2456 acriter.
