1598 2814
238 157 334 208 492
535 145 1192 198 TRINUMMUS.
1425 163 1520 201 v.2

235 256 310 304 Ne
338 258 497 305 subito
530 270 686 304 metus
717 260 954 306 exoriatur
979 262 1176 323 scapulis
1205 261 1401 307 stultitia
1429 271 1520 307 tua.

235 330 380 389 Adde
393 332 616 395 gradum!
638 338 919 395 appropera!
933 334 1229 397 jamdudum
1247 333 1428 380 factum
1444 335 1524 393 ’st‚

491 407 811 471 quom'abisti
840 409 1005 455 domo.

237 480 361 526 Cave
385 481 439 526 sis
463 481 580 539 tibi,
606 482 872 531 nebubuli
898 483 949 530 in
975 498 1023 531 te
1049 483 1228 530 cottabi
1251 483 1402 531 crebri
1425 499 1526 530 cre-

488 566 606 615 pent
626 589 640 612 ‚

235 623 283 670 Si
301 625 466 671 abieris
486 626 545 672 ab
565 627 668 672 heri
687 628 978 688 quaestione.
999 645 1060 674 ne
1076 627 1305 675 destiteris
1323 629 1522 676 currere!

234 699 354 745 Ecce
368 700 622 746 hominem
640 711 713 757 te,
735 700 930 747 Stasime
944 737 958 759 ,
981 694 1145 748 nihili!
1171 703 1302 749 satin'
1326 704 1377 748 in
1395 703 1524 748 ther-

489 772 706 835 mopolio

235 845 525 892 Condalium
556 863 600 892 es
632 847 839 906 oblitusj
872 858 1131 910 postquam
1159 849 1520 911 thermopotasti

493 921 772 984 gutturem?

231 987 408 1053 Recipe
438 1003 515 1048 te,
553 1004 601 1038 et
635 1009 821 1038 recurre
848 1004 1010 1053 petere
1041 1010 1091 1038 re
1116 994 1307 1039 recenti.

590 1085 616 1115 c
655 1084 689 1116 H
723 1084 757 1116 A
795 1086 829 1119 R
869 1086 911 1118 M
948 1085 970 1117 1
1006 1087 1042 1118 D
1079 1086 1109 1118 E
1145 1085 1181 1118 s.

997 1152 1152 1210 Huic,
1185 1154 1398 1214 quisquis
1428 1167 1523 1213 est,

232 1224 456 1271 Curculio
481 1226 536 1270 ’st
567 1226 825 1270 exercitor:
858 1226 893 1270 is
923 1225 1055 1271 hunc
1081 1226 1330 1272 hominem
1361 1243 1524 1274 cursu<

481 1314 583 1343 ram
612 1298 767 1344 docet.

627 1384 650 1417 S
690 1384 721 1416 T
758 1383 793 1418 A
832 1384 854 1417 S
890 1384 911 1416 I
949 1385 991 1418 M
1030 1384 1065 1417 U
1101 1384 1138 1417 S.

231 1446 401 1538 Quid,
430 1447 581 1492 homo
605 1445 778 1503 nihili,
806 1462 908 1493 non
934 1447 1092 1508 pudet
1126 1447 1208 1493 te?
1226 1446 1439 1494 tribusne
1470 1458 1520 1494 te

482 1517 675 1580 poteriis

228 1592 462 1640 Memoria
488 1607 581 1637 esse
607 1590 854 1637 oblitum?
881 1607 942 1637 an
962 1608 1098 1649 vero,
1124 1592 1239 1653 quia
1261 1608 1374 1639 curn
1396 1591 1520 1658 frugi

484 1662 763 1709 hominibus

227 1738 302 1785 Ibi
333 1738 520 1796 bibisti,
557 1739 643 1799 qui
673 1737 733 1783 ab
765 1738 918 1784 alieno
945 1737 1079 1784 facile
1109 1739 1390 1787 cohiberent
1418 1757 1519 1787 ma-

481 1828 571 1857 nus
588 1811 609 1856 ?

225 1884 503 1932 Theruchus
526 1884 617 1932 fuit
632 1919 646 1941 ,
675 1884 984 1942 Cerconicu5‚
1009 1884 1212 1933 Crinnus
1228 1921 1243 1945 ‚
1271 1887 1527 1935 Cercobu·-

480 1958 578 2014 lus,
611 1954 834 2003 Collabus
852 1992 866 2014 ‚

228 2028 623 2091 oculicrepidae,
657 2028 1011 2092 Cruricrepidae
1029 2066 1042 2087 ‚
1075 2031 1113 2076 F
1115 2032 1319 2090 erriteri,
1355 2032 1515 2078 Masti<

479 2102 592 2166 giae.
1391 2167 1396 2171 ι

225 2174 355 2220 Inter
383 2191 524 2221 eosne
553 2173 770 2220 homines
801 2175 1076 2223 condalium
1106 2186 1155 2221 te
1178 2174 1393 2236 redipisci
1418 2190 1512 2235 po-

479 2249 619 2295 stulas
637 2282 650 2305 ,

224 2303 453 2392 Quorum
482 2338 653 2368 eorum
674 2336 797 2367 unus
830 2319 1066 2403 subripuit
1091 2319 1298 2366 currenti
1328 2320 1506 2367 cursori

481 2397 666 2442 solum.
654 2394 678 2426 ἶ)-
