1690 2872
99 162 228 210 v-95
383 139 675 192 ACTUS
724 139 825 188 IV.
874 138 1102 188 SC.II.
1288 142 1379 203 485

426 261 450 297 s
486 261 521 294 Y
557 260 584 293 c
622 259 655 293 o
693 260 723 293 P
759 258 796 291 Η
832 258 867 291 A
903 259 938 291 N
974 258 1005 291 ’r
1043 257 1091 291 A.

703 319 828 377 Pax,
853 318 906 365 id
935 329 1003 365 est
1028 333 1210 365 nomen
1234 319 1379 365 mihi:

98 387 209 437 Hoc
234 386 531 435 cotidianum
555 386 623 432 ’st.

452 472 480 504 C
515 470 550 504 H
583 469 619 504 A
654 469 688 503 R
723 469 767 502 M
803 470 824 502 Ι
861 470 897 502 D
933 468 964 502 E
998 469 1036 503 S.

626 529 816 591 Edepol
843 545 1024 575 nomen
1051 530 1377 593 nugatorium:

100 604 250 675 Quasi
276 604 398 651 dicas
418 639 432 661 ,
462 605 499 650 si
530 605 649 666 quid
671 604 952 652 crediderim
981 605 1071 652 tibi
1088 639 1102 663 ‚
1137 604 1257 666 pax!
1293 619 1378 665 pe-

356 677 478 723 riisse
506 677 644 723 illico.

98 747 194 796 Sed
224 749 344 811 quid
365 749 452 807 ais,
483 766 582 815 quo
606 749 719 796 inde
744 749 835 796 iisti
861 749 1037 811 porro?

423 833 448 870 s
478 835 515 869 Y
549 836 577 867 c
617 836 648 868 o
688 835 717 867 P
754 834 788 867 Η
825 834 860 867 A
897 835 930 868 N
967 835 998 867 ‘r
1034 836 1080 868 A.

568 894 627 941 Si.
648 895 864 940 animum
889 893 1103 942 advortas
1120 928 1133 951 ,
1167 895 1380 955 eloquar.

98 965 178 1013 Ad
202 978 344 1035 caput
367 967 516 1014 amnis
531 1002 544 1024 ‚
572 967 708 1028 quod
724 966 785 1012 de
809 968 946 1014 coelo
966 969 1177 1016 exoritur
1191 969 1280 1015 sub
1304 984 1380 1014 so-

349 1042 417 1088 lio
438 1042 585 1100 jovis.

450 1127 478 1160 C
514 1127 550 1160 H
588 1127 623 1160 A
656 1130 693 1164 R
727 1129 771 1163 M
805 1129 827 1162 1
861 1129 898 1162 D
936 1129 967 1163 E
1003 1127 1043 1164 S·

95 1183 199 1234 Sub
219 1190 345 1235 -solio
367 1188 532 1248 Jovis?

418 1254 1109 1309 SYCOPHANTAJ'

414 1335 487 1380 Ita
513 1334 637 1380 dico.

456 1418 483 1451 c
521 1418 556 1450 Η
592 1419 627 1450 A
660 1419 696 1451 R
731 1417 774 1449 M
808 1417 831 1449 1
867 1417 903 1449 D
940 1416 972 1448 Ε
1008 1415 1048 1449 s.

574 1478 615 1523 E
637 1476 808 1521 coelo?

421 1546 1087 1595 SYcorn'ANTA.

723 1618 887 1681 Atque
917 1637 944 1666 e
971 1621 1134 1667 medio
1164 1621 1378 1683 quidem.

456 1706 484 1738 c
519 1706 555 1739 Η
588 1705 623 1738 A
659 1706 694 1739 R
729 1707 771 1740 M
807 1707 830 1739 1
866 1709 902 1740 D
937 1708 968 1740 Ε
1006 1706 1044 1741 s.

98 1766 233 1814 Eho!
255 1780 316 1813 an
343 1766 484 1812 etiam
505 1767 556 1812 in
578 1768 770 1813 coelum
794 1768 1082 1815 escendisti?

421 1858 446 1893 s
482 1859 518 1891 Y
553 1860 580 1892 c
624 1859 656 1892 o
694 1861 722 1893 Ρ
758 1860 794 1893 Η
830 1862 866 1894 A
902 1862 934 1895 N
971 1862 1003 1894 ‘r
1040 1862 1088 1895 A.

591 1921 750 1966 Immo
763 1909 963 1969 'horiola
982 1923 1167 1970 advecti
1191 1938 1350 1970 sumus
1362 1957 1379 1982 2

101 1993 261 2055 Usque
281 2008 404 2054 aqua
427 1992 621 2040 advorsa
641 2009 725 2056 per
749 2011 952 2042 amnem.

456 2086 483 2118 c
519 2085 552 2120 Η
590 2087 627 2120 A
661 2087 695 2120 R
730 2089 773 2121 M
809 2089 832 2121 1
866 2090 903 2122 n
941 2090 972 2122 Ε
988 2089 1050 2123 ·s.

606 2144 710 2191 Eho
725 2179 738 2202 ,
762 2162 823 2192 an
840 2148 983 2194 etiam
999 2148 1156 2195 vidisti
1167 2148 1378 2207 Jovem?

424 2236 1080 2277 SYCOPHANTA.

101 2294 196 2343 'Alii
224 2296 307 2347 Dii
333 2297 417 2344 isse
440 2297 502 2343 ad
534 2297 695 2346 vmam
720 2298 880 2348 aibant
902 2301 1041 2349 servis
1070 2301 1383 2365 depromtum

354 2370 538 2419 cibum.

991 2446 1155 2511 Hh3
