1630 2866
253 165 320 225 βο
597 162 1178 213 POENULUS.
1406 185 1530 230 v.25

254 272 394 342 Quid
410 272 470 318 ais
487 270 574 316 tu?
596 269 770 331 ecquid
787 269 941 317 adhuc
959 272 1307 319 conmeministi
1323 273 1535 329 Punice?

517 368 1311 410 AGORASTOCLES.

255 433 387 479 Nihil
420 431 604 492 edepol.
647 446 757 475 nam
788 430 872 490 qui
898 430 1010 475 scire
1041 431 1209 491 potui,
1244 432 1322 478 dic
1350 434 1522 493 mihis

251 506 358 576 Qui
385 505 513 550 illinc
550 503 762 549 sexennis
793 503 1013 565 perierim
1051 504 1364 569 Carthagine?

749 602 783 634 Η
819 603 853 635 Α
890 604 922 635 Ν
959 604 992 635 Ν
1029 603 1075 636 o.

255 662 345 708 Pro
369 662 449 708 Dii
478 662 772 708 inmortales!
801 663 996 725 plurimi
1025 663 1089 709 ad
1115 663 1244 710 hunc
1277 663 1485 713 modum

253 736 437 782 Periere
462 737 598 798 pueri
620 736 759 783 liberi
794 736 1091 801 Carthagine..

674 836 719 870 M
754 835 774 868 1
810 834 840 867 1.
877 835 906 869 P
945 835 979 868 H
1014 810 1117 870 1’0.

256 889 394 959 Quid
420 890 480 936 ais
507 890 596 936 tu?

517 982 1309 1017 AGORASTOCLES.

543 1041 680 1110 Quid
709 1040 810 1086 vis?

675 1132 719 1165 M
754 1132 775 1164 1
811 1132 842 1165 Ι,
876 1132 904 1165 P
942 1131 976 1165 Η
1011 1131 1033 1165 1
1072 1132 1120 1165 o.

783 1193 892 1240 Vin'
919 1195 1156 1256 appellem
1176 1194 1307 1241 hunc
1328 1193 1504 1243 Punice
1516 1195 1540 1244 ?

510 1285 1304 1328 AGoRASTocLE's.

257 1346 334 1394 An
365 1346 482 1394 scis?
778 1396 780 1398 ,

680 1424 723 1456 Μ
759 1424 780 1457 1
815 1423 845 1456 1.
882 1423 910 1457 P
951 1423 985 1456 Η
1020 1423 1040 1456 1
1076 1423 1125 1456 o.

481 1484 651 1530 Nullus
684 1501 763 1530 me
794 1494 860 1529 est
884 1482 1030 1529 hodie
1053 1483 1238 1529 Poenus
1269 1482 1460 1530 Punior.

511 1579 1300 1614 AGoRASTOCLEs.

259 1643 353 1690 Adi
381 1653 526 1703 atque
553 1643 764 1703 appella,
802 1638 923 1702 quid
952 1640 1093 1696 velit,
1126 1640 1246 1700 quid
1271 1641 1488 1699 venerit,

258 1715 360 1785 Qui
391 1714 447 1759 sit
467 1747 480 1769 ‚
510 1713 740 1775 quojatis,
778 1712 906 1758 unde
933 1712 1014 1757 sit:
1047 1727 1108 1757 ne
1137 1713 1340 1774 parsePiS.

679 1808 722 1842 M
757 1809 778 1840 1
813 1808 844 1840 1.
879 1808 909 1840 P
949 1807 983 1840 Η
1019 1808 1039 1840 Ι
1078 1807 1128 1840 o.

261 1872 385 1919 Avo!
419 1871 629 1935 quojates
657 1868 796 1914 estis?
828 1878 910 1913 aut
936 1883 1035 1927 quo
1072 1884 1132 1914 ex
1163 1868 1345 1931 oppido
1364 1868 1388 1915 ?

745 1967 779 2000 H
817 1966 851 1999 A
891 1966 925 1999 N
959 1966 993 1998 N
1031 1966 1075 1999 Ο.

261 2024 422 2071 Ηαηηο
452 2026 759 2072 muthumballe
797 2026 1167 2072 bechaedreanech.

518 2121 1307 2158 AGORASTOCLES.

244 2182 401 2252 'Quid
429 2183 493 2229 ait
511 2183 533 2228 Ξ)

681 2260 725 2293 Μ
761 2260 781 2292 1
819 2260 849 2293 L
889 2260 916 2293 P
949 2260 984 2292 Η
1020 2260 1040 2292 1
1080 2260 1127 2293 o.

539 2321 830 2367 Hannonem
867 2337 960 2366 sese
990 2321 1053 2366 ait
1088 2318 1394 2381 Carthagine,

256 2392 691 2457 ,Carthaginiensem
717 2393 1078 2441 Muthumballis
1105 2392 1267 2438 filium.
1385 2410 1402 2432 ο
