1630 2866
198 183 290 229 291
616 167 1047 215 RUDENS.
1343 174 1476 234 v.36

199 276 457 337 Extemplo
489 275 819 336 amplectitote
852 291 984 321 crura
1015 275 1227 324 fustibus.

653 371 682 403 L
720 370 753 403 A
792 372 819 403 Β
859 373 892 405 R
930 371 963 405 A
999 373 1050 406 x.

201 438 356 486 Etiam
388 455 467 485 me
499 438 628 485 abire
653 440 763 485 hinc
794 457 897 486 non
930 440 1118 487 sinent?

588 537 623 569 D
661 539 696 569 A
732 537 764 569 Ε
801 537 844 570 Μ
880 538 912 570 o
950 539 981 571 N
1018 537 1049 572 E
1086 537 1122 571 s.

1022 594 1023 597 ’
1127 595 1243 643 Dixi
1270 596 1384 643 satis.

199 666 262 715 Et
295 667 374 713 ille
405 667 489 713 ubi
523 685 676 715 servos
707 686 819 716 curn
850 671 967 716 hero
997 671 1094 716 huc
1126 666 1394 727 advenerit,

203 739 306 808 Qui
335 741 502 787 herum
533 743 761 789 arcessivit
781 779 794 800 ‚
833 744 951 790 itote
986 746 1231 807 extemplo
1266 744 1483 791 domurn.

200 813 372 861 Curate
408 818 520 863 haec
551 819 679 866 sultis
714 836 882 883 magna
918 820 1172 883 diligentia.

651 913 1042 947 LABRAX.

201 976 341 1035 Heu,
374 978 558 1035 hercle,
596 997 684 1026 nae
713 981 810 1027 istic
839 983 943 1027 fana
968 992 1215 1028 mutantur
1244 980 1363 1026 cito!

195 1051 300 1109 Jam
326 1052 414 1096 hoc
443 1053 658 1098 Herculis
686 1067 776 1109 est,
795 1055 987 1100 Veneris
1014 1055 1180 1099 fanum
1207 1053 1343 1114 quod
1375 1051 1478 1097 fuit.

200 1123 272 1169 Ita
296 1122 394 1167 duo
423 1123 634 1169 destituit
666 1125 789 1188 signa
817 1125 892 1170 hic
915 1143 1026 1171 cum
1062 1126 1197 1171 clavis
1227 1139 1383 1170 senex.

200 1193 340 1252 Non,
366 1194 547 1252 hercle,
582 1211 681 1256 quo
708 1196 818 1242 hinc
844 1213 974 1243 nunc
996 1198 1213 1260 gentium
1242 1195 1480 1258 aufugiam

453 1284 573 1326 scio,

199 1342 272 1386 Ita
296 1358 425 1387 nunc
450 1331 568 1388 rriihi
599 1355 858 1405 utrumque
885 1344 1028 1390 saevit
1055 1355 1102 1390 et
1122 1359 1236 1390 terra
1269 1355 1316 1390 et
1332 1358 1476 1390 mare.

203 1414 459 1461 Palaestra!

593 1493 623 1525 L
660 1493 692 1526 o
730 1495 764 1527 R
797 1493 834 1526 A
868 1495 902 1527 R
936 1495 958 1527 1
996 1493 1032 1526 U
1071 1494 1110 1528 s.

465 1551 604 1620 Quid
631 1552 752 1598 vis?
932 1535 940 1547 ⁸

652 1643 682 1674 L
719 1642 754 1676 A
791 1643 819 1675 Β
858 1644 891 1676 R
927 1643 961 1676 A
997 1645 1046 1677 x.

763 1712 946 1776 Apage!
979 1711 1295 1758 controversia
1328 1721 1407 1756 est.

204 1785 332 1831 Haec
365 1783 594 1846 equidem
622 1784 872 1843 Palaestra,
922 1802 1043 1846 quae
1071 1784 1343 1846 respondit,
1381 1800 1483 1831 non

455 1874 560 1902 mea
597 1871 676 1902 est.

205 1929 335 1976 Heus
354 1965 369 1989 ,
403 1929 693 1994 Ampelisca!

591 2027 623 2060 L
662 2027 693 2060 O
730 2028 764 2060 R
799 2026 833 2060 A
868 2027 902 2060 R
936 2026 958 2059 I
994 2026 1030 2058 U
1065 2025 1102 2058 S.

714 2095 837 2141 Cave
864 2095 918 2140 sis
945 2094 1220 2141 infortunio.

650 2189 681 2222 I.
718 2189 751 2222 A
791 2190 818 2222 B
857 2191 890 2224 R
928 2190 962 2222 A
998 2190 1046 2222 X.

134 2313 136 2315 V
205 2255 269 2301 Ut
297 2267 478 2317 potest,
503 2257 657 2320 ignavi
683 2258 898 2303 homines
925 2258 1026 2303 satis
1056 2268 1180 2303 recte
1212 2261 1426 2300 monent.

206 2328 298 2374 Sed
325 2330 458 2390 vebis
478 2329 609 2386 dico,
635 2331 750 2376 heus
777 2345 862 2375 vos
879 2364 892 2386 ‚
918 2344 1046 2376 'num
1070 2328 1282 2374 molestia
1315 2334 1410 2381 est,

205 2400 285 2446 Me
312 2404 437 2449 adire
467 2404 525 2449 ad
559 2405 653 2450 illas
677 2404 910 2465 propius?
