1630 2866
241 152 335 215 386
643 145 1126 201 STICHUS.
1401 166 1532 212 v.17

245 259 364 324 Age,
381 257 540 306 abduc
554 259 634 304 has
652 259 797 318 intro,
813 276 928 321 quas
946 276 1137 308 mecum
1150 261 1350 321 adduxi,
1363 260 1537 311 Stiche.

662 353 685 386 s
725 353 756 385 T
793 354 812 386 1
851 355 879 387 c
915 355 950 388 H
988 354 1024 387 U
1061 353 1097 388 s.

240 414 396 470 Here,
422 412 518 459 sive
545 429 635 476 ego
654 422 861 470 taceam,
885 429 967 460 seu
990 415 1187 475 loquar,
1211 414 1306 460 scio
1327 413 1443 461 scire
1460 425 1535 473 te,

242 488 404 556 Quam
429 487 601 532 multas
632 497 796 532 tecum
828 487 1380 533 miserias'multaverim.

241 559 384 606 Nunc
405 559 537 605 hunc
567 559 697 606 diem
717 576 871 607 unum
890 576 950 607 ex
969 560 1056 606 illis
1079 560 1242 606 multis
1262 558 1456 606 miseriis

240 632 365 679 Volo
398 649 479 679 me
514 633 839 684 Eleutheriam
875 651 1042 697 capere
1072 633 1412 684 advenientem
1445 633 1537 680 do·-

492 724 643 753 mum.
1193 755 1199 762 *-

597 791 630 824 E
666 792 696 826 P
735 792 758 825 Ι
795 791 827 825 G
863 793 899 827 N
939 792 972 827 Ο
1010 793 1055 827 Μ
1091 791 1128 825 U
1163 791 1203 827 S.

248 848 311 894 Et
335 849 412 912 jus
442 859 490 895 et
515 866 724 911 aequom
750 853 981 913 postulas:
1011 867 1187 909 sumas,
1214 847 1406 909 Stiche3

241 924 301 968 In
328 924 458 969 hunc
493 924 650 970 diem‘:
679 935 727 971 te
759 925 830 971 nil
856 942 1043 984 moror,
1079 926 1183 985 abi,
1218 941 1320 988 quo
1342 924 1492 973 lubet.

238 997 428 1046 Cadum
449 998 538 1044 tibi
561 998 729 1045 veteris
760 999 859 1044 vini
889 999 1111 1060 propino.

660 1088 684 1123 s
724 1091 756 1123 T
792 1091 814 1123 1
852 1092 880 1124 c
917 1091 953 1125 Η
987 1091 1024 1124 U
1058 1089 1099 1124 sn

1142 1141 1326 1204 Papae!

241 1206 435 1267 Ducam*
457 1205 606 1253 hodie
639 1206 849 1252 amicam.

596 1289 627 1322 E
665 1291 693 1324 P
731 1291 753 1324 1
791 1289 823 1324 G
859 1290 894 1323 N
931 1289 963 1323 Ο
1003 1291 1047 1324 Μ
1083 1289 1121 1324 U
1157 1289 1195 1323 S.

475 1405 478 1407 ,
836 1349 930 1402 Vel
963 1349 1132 1396 decern
1149 1348 1312 1410 ,dum
1341 1347 1403 1394 de
1429 1358 1535 1396 tuo.

241 1425 340 1472 Ubi
368 1439 535 1471 coenas
567 1423 713 1471 hodie
729 1458 744 1483 ,
769 1425 806 1470 si
836 1425 959 1471 hanc
983 1425 1216 1471 rationem
1239 1422 1444 1469 instituis
1459 1422 1482 1468 i>

662 1511 688 1565 s¹
722 1512 754 1545 T
789 1512 810 1544 1
847 1512 874 1544 c
910 1511 947 1545 H
984 1511 1020 1544 U
1060 1511 1099 1544 s.

241 1574 457 1620 Amicam
476 1590 563 1638 ego
576 1573 731 1637 habeo
744 1571 1061 1635 Stephanium
1075 1571 1187 1617 hinc
1199 1586 1260 1618 ex
1272 1575 1536 1633 proxumo,‘

240 1650 337 1696 Tui
367 1649 514 1695 fratris
541 1648 787 1695 ancillam:
823 1665 881 1694 eo
913 1646 1112 1694 condixi
1146 1646 1198 1692 in
1231 1645 1502 1708 symbolam

239 1721 319 1768 Ad
334 1738 551 1780 coenam,
565 1722 627 1767 ad
642 1722 741 1786 ejus
754 1737 1036 1768 conservom
1049 1718 1327 1784 Sagarinum
1341 1716 1534 1781 Syrum.-

240 1795 422 1843 Eadem
451 1805 518 1841 est
544 1794 693 1841 amica
719 1793 981 1850 ambobuS,
1009 1792 1173 1839 rivales
1200 1805 1378 1836 sumus.

602 1886 632 1918 E
671 1885 700 1918 P
737 1885 758 1917 1
796 1884 828 1917 G
863 1885 897 1918 Ν
934 1885 966 1918 o
1005 1884 1048 1917 M
1085 1882 1122 1915 U
1161 1881 1205 1916 s.

241 1946 372 2011 Age,
407 1945 566 1993 abduc
596 1961 668 1992 eas
697 1944 839 1991 intro.
875 1945 1004 1991 hunc
1041 1942 1132 1990 tibi
1163 1939 1290 1988 dedo
1324 1940 1464 1988 diem.
1507 1967 1522 1982 ·

667 2037 690 2070 s
728 2038 759 2071 Τ
795 2039 817 2071 1
854 2039 880 2072 c
917 2038 952 2071 Η
989 2038 1025 2071 U
1061 2036 1097 2071 s.
1452 2070 1455 2071 γ

243 2100 403 2146 Meam
420 2101 612 2160 culpam
633 2098 838 2156 habeto,
867 2099 953 2144 nisi
978 2097 1133 2160 probe
1156 2094 1494 2142 excruciavero.

237 2174 346 2233 Jam
362 2208 377 2232 ‚
409 2174 568 2220 hercle
584 2209 597 2232 ,
634 2190 720 2238 ego
749 2190 835 2235 per
866 2174 1065 2220 hortum
1093 2170 1291 2234 amicam
1319 2166 1528 2215 transibo

492 2263 651 2292 meam

243 2318 362 2364 Mihi
373 2319 494 2365 hanc
516 2330 803 2381 occupatum
820 2328 1036 2366 noctem:
1062 2315 1228 2363 eadem
1249 2310 1520 2375 symbolam

242 2390 385 2439 Dabo
401 2428 415 2451 ,
446 2406 493 2440 et
512 2394 698 2458 jubebo
723 2395 785 2440 ad
814 2393 1087 2457 Sagarinum
1113 2405 1310 2438 coenam
1327 2387 1487 2450 coqui.
